<?xml version="1.0" encoding="UTF-8"?>
<!DOCTYPE html PUBLIC "-//W3C//DTD XHTML 1.0 Transitional//EN"
    "http://www.w3.org/TR/xhtml1/DTD/xhtml1-transitional.dtd">
<html xmlns="http://www.w3.org/1999/xhtml" xml:lang="en" lang="en">
 <head>
  <title>
</title>
<meta http-equiv="Content-Type" content="text/html;charset=utf-8" />
  <meta name='ocr-system' content='tesseract 3.04.00' />
  <meta name='ocr-capabilities' content='ocr_page ocr_carea ocr_par ocr_line ocrx_word'/>
</head>
<body>
  <div class='ocr_page' id='page_1' title='image "./rhetoricarecogno01ciceuoft_0067.png"; bbox 0 0 2150 3444; ppageno 0'>
   <div class='ocr_carea' id='block_1_1' title="bbox 757 142 2061 208">
    <p class='ocr_par' dir='ltr' id='par_1_1' title="bbox 757 142 2061 208">
     <span class='ocr_line' id='line_1_1' title="bbox 757 142 2061 208; baseline 0.002 -16"><span class='ocrx_word' id='word_1_1' title='bbox 757 144 854 192; x_wconf 88' lang='lat' dir='ltr'><strong>DE</strong></span> <span class='ocrx_word' id='word_1_2' title='bbox 889 142 1230 193; x_wconf 84' lang='lat' dir='ltr'><strong>ORATORE</strong></span> <span class='ocrx_word' id='word_1_3' title='bbox 1294 144 1318 191; x_wconf 93' lang='lat'>1</span> <span class='ocrx_word' id='word_1_4' title='bbox 1440 162 1443 163; x_wconf 28' lang='grc' dir='ltr'><em>ν</em></span> <span class='ocrx_word' id='word_1_5' title='bbox 1894 143 1963 208; x_wconf 80' lang='lat'><strong>48</strong></span> <span class='ocrx_word' id='word_1_6' title='bbox 1982 151 2061 194; x_wconf 60' lang='grc' dir='ltr'><strong>,οε</strong></span> 
     </span>
    </p>
   </div>
   <div class='ocr_carea' id='block_1_2' title="bbox 117 281 1976 2955">
    <p class='ocr_par' dir='ltr' id='par_1_2' title="bbox 200 281 1976 593">
     <span class='ocr_line' id='line_1_2' title="bbox 203 281 1871 349; baseline 0.001 -15"><span class='ocrx_word' id='word_1_7' title='bbox 203 281 522 349; x_wconf 82' lang='lat' dir='ltr'><strong>quaesieritis,</strong></span> <span class='ocrx_word' id='word_1_8' title='bbox 561 299 690 348; x_wconf 91' lang='lat' dir='ltr'><strong>quae</strong></span> <span class='ocrx_word' id='word_1_9' title='bbox 727 299 820 347; x_wconf 88' lang='lat' dir='ltr'><strong>ego</strong></span> <span class='ocrx_word' id='word_1_10' title='bbox 857 281 1131 343; x_wconf 69' lang='lat' dir='ltr'><strong>nescirem,</strong></span> <span class='ocrx_word' id='word_1_11' title='bbox 1183 298 1345 331; x_wconf 91' lang='lat' dir='ltr'><strong>meam</strong></span> <span class='ocrx_word' id='word_1_12' title='bbox 1388 281 1670 332; x_wconf 85' lang='lat' dir='ltr'>facilitatem</span> <span class='ocrx_word' id='word_1_13' title='bbox 1707 285 1871 335; x_wconf 88' lang='lat' dir='ltr'><strong>lauda-</strong></span> 
     </span>
     <span class='ocr_line' id='line_1_3' title="bbox 201 362 1870 426; baseline 0 -11"><span class='ocrx_word' id='word_1_14' title='bbox 201 373 319 426; x_wconf 86' lang='lat' dir='ltr'><strong>tote,</strong></span> <span class='ocrx_word' id='word_1_15' title='bbox 345 381 461 415; x_wconf 89' lang='lat' dir='ltr'><strong>cum</strong></span> <span class='ocrx_word' id='word_1_16' title='bbox 484 364 627 416; x_wconf 89' lang='lat' dir='ltr'><strong>vobis</strong></span> <span class='ocrx_word' id='word_1_17' title='bbox 650 381 754 415; x_wconf 89' lang='lat' dir='ltr'><strong>non</strong></span> <span class='ocrx_word' id='word_1_18' title='bbox 778 381 892 414; x_wconf 91' lang='lat' dir='ltr'><strong>meo</strong></span> <span class='ocrx_word' id='word_1_19' title='bbox 916 362 1116 424; x_wconf 87' lang='lat' dir='ltr'><strong>iudicio,</strong></span> <span class='ocrx_word' id='word_1_20' title='bbox 1143 364 1232 413; x_wconf 92' lang='lat' dir='ltr'><strong>sed</strong></span> <span class='ocrx_word' id='word_1_21' title='bbox 1255 372 1418 413; x_wconf 91' lang='lat' dir='ltr'><strong>vestro</strong></span> <span class='ocrx_word' id='word_1_22' title='bbox 1442 363 1607 414; x_wconf 90' lang='lat' dir='ltr'><strong>studio</strong></span> <span class='ocrx_word' id='word_1_23' title='bbox 1639 364 1870 415; x_wconf 90' lang='lat' dir='ltr'><strong>inductus</strong></span> 
     </span>
     <span class='ocr_line' id='line_1_4' title="bbox 201 446 1976 512; baseline -0.001 -16"><span class='ocrx_word' id='word_1_24' title='bbox 201 463 304 497; x_wconf 90' lang='lat' dir='ltr'><strong>non</strong></span> <span class='ocrx_word' id='word_1_25' title='bbox 348 455 546 511; x_wconf 90' lang='lat' dir='ltr'><strong>gravate</strong></span> <span class='ocrx_word' id='word_1_26' title='bbox 591 447 925 512; x_wconf 64' lang='lat' dir='ltr'><strong>respondero!</strong></span> <span class='ocrx_word' id='word_1_27' title='bbox 1016 447 1150 494; x_wconf 93' lang='lat' dir='ltr'><strong>Tum</strong></span> <span class='ocrx_word' id='word_1_28' title='bbox 1205 446 1412 496; x_wconf 84' lang='lat' dir='ltr'>Crassus</span> <span class='ocrx_word' id='word_1_29' title='bbox 1463 450 1640 510; x_wconf 90' lang='lat' dir='ltr'><strong>‘perge</strong></span> <span class='ocrx_word' id='word_1_30' title='bbox 1687 448 1870 507; x_wconf 92' lang='lat' dir='ltr'><strong>m0d0,&#39;</strong></span> <span class='ocrx_word' id='word_1_31' title='bbox 1897 461 1976 503; x_wconf 63' lang='lat'><strong>209,</strong></span> 
     </span>
     <span class='ocr_line' id='line_1_5' title="bbox 200 525 1870 593; baseline -0.001 -15"><span class='ocrx_word' id='word_1_32' title='bbox 200 527 362 593; x_wconf 88' lang='lat' dir='ltr'><strong>inquit</strong></span> <span class='ocrx_word' id='word_1_33' title='bbox 401 527 655 590; x_wconf 87' lang='lat' dir='ltr'><strong>‘Antoni;</strong></span> <span class='ocrx_word' id='word_1_34' title='bbox 702 529 893 578; x_wconf 91' lang='lat' dir='ltr'><strong>nullum</strong></span> <span class='ocrx_word' id='word_1_35' title='bbox 931 535 1006 578; x_wconf 90' lang='lat' dir='ltr'><strong>est</strong></span> <span class='ocrx_word' id='word_1_36' title='bbox 1044 525 1177 577; x_wconf 90' lang='lat' dir='ltr'><strong>enim</strong></span> <span class='ocrx_word' id='word_1_37' title='bbox 1219 526 1508 591; x_wconf 89' lang='lat' dir='ltr'><strong>periculum,</strong></span> <span class='ocrx_word' id='word_1_38' title='bbox 1549 544 1612 576; x_wconf 91' lang='lat' dir='ltr'><strong>ne</strong></span> <span class='ocrx_word' id='word_1_39' title='bbox 1655 527 1777 591; x_wconf 92' lang='lat' dir='ltr'><strong>quid</strong></span> <span class='ocrx_word' id='word_1_40' title='bbox 1818 537 1870 577; x_wconf 90' lang='lat' dir='ltr'><strong>tu</strong></span> 
     </span>
    </p>

    <p class='ocr_par' dir='ltr' id='par_1_3' title="bbox 151 607 1869 754">
     <span class='ocr_line' id='line_1_6' title="bbox 151 607 1869 679; baseline -0.001 -19"><span class='ocrx_word' id='word_1_41' title='bbox 151 626 176 668; x_wconf 79' lang='lat'><strong><em>5</em></strong></span> <span class='ocrx_word' id='word_1_42' title='bbox 200 610 434 674; x_wconf 86' lang='lat' dir='ltr'><strong>eloquare</strong></span> <span class='ocrx_word' id='word_1_43' title='bbox 457 608 552 660; x_wconf 91' lang='lat' dir='ltr'><strong>nisi</strong></span> <span class='ocrx_word' id='word_1_44' title='bbox 576 608 644 679; x_wconf 72' lang='lat' dir='ltr'><strong>ita</strong></span> <span class='ocrx_word' id='word_1_45' title='bbox 674 610 955 673; x_wconf 88' lang='lat' dir='ltr'><strong>prudenter,</strong></span> <span class='ocrx_word' id='word_1_46' title='bbox 983 616 1038 658; x_wconf 92' lang='lat' dir='ltr'><strong>ut</strong></span> <span class='ocrx_word' id='word_1_47' title='bbox 1074 607 1327 658; x_wconf 89' lang='lat' dir='ltr'><strong>neminem</strong></span> <span class='ocrx_word' id='word_1_48' title='bbox 1363 617 1585 658; x_wconf 89' lang='lat' dir='ltr'><strong>nostrum</strong></span> <span class='ocrx_word' id='word_1_49' title='bbox 1621 608 1869 672; x_wconf 88' lang='lat' dir='ltr'><strong>paeniteat</strong></span> 
     </span>
     <span class='ocr_line' id='line_1_7' title="bbox 198 689 1109 754; baseline -0.003 -13"><span class='ocrx_word' id='word_1_50' title='bbox 198 691 266 745; x_wconf 76' lang='lat' dir='ltr'><strong>ad</strong></span> <span class='ocrx_word' id='word_1_51' title='bbox 289 691 425 740; x_wconf 90' lang='lat' dir='ltr'><strong>hunc</strong></span> <span class='ocrx_word' id='word_1_52' title='bbox 447 699 497 740; x_wconf 93' lang='lat' dir='ltr'><strong>te</strong></span> <span class='ocrx_word' id='word_1_53' title='bbox 520 707 801 747; x_wconf 87' lang='lat' dir='ltr'><strong>sermonem</strong></span> <span class='ocrx_word' id='word_1_54' title='bbox 824 689 1109 754; x_wconf 89' lang='lat' dir='ltr'><strong>impulisse.&#39;</strong></span> 
     </span>
    </p>

    <p class='ocr_par' dir='ltr' id='par_1_4' title="bbox 198 770 1870 1000">
     <span class='ocr_line' id='line_1_8' title="bbox 269 770 1870 835; baseline -0.001 -14"><span class='ocrx_word' id='word_1_55' title='bbox 269 773 409 835; x_wconf 85' lang='lat' dir='ltr'><strong>‘Ego</strong></span> <span class='ocrx_word' id='word_1_56' title='bbox 444 772 592 832; x_wconf 90' lang='lat' dir='ltr'><strong>vero,’</strong></span> <span class='ocrx_word' id='word_1_57' title='bbox 623 770 798 835; x_wconf 90' lang='lat' dir='ltr'><strong>inquit,</strong></span> <span class='ocrx_word' id='word_1_58' title='bbox 834 775 1062 835; x_wconf 87' lang='lat' dir='ltr'><strong>‘pergam</strong></span> <span class='ocrx_word' id='word_1_59' title='bbox 1098 779 1147 820; x_wconf 89' lang='lat' dir='ltr'><strong>et</strong></span> <span class='ocrx_word' id='word_1_60' title='bbox 1183 770 1236 821; x_wconf 92' lang='lat' dir='ltr'><strong>id</strong></span> <span class='ocrx_word' id='word_1_61' title='bbox 1272 770 1463 831; x_wconf 89' lang='lat' dir='ltr'><strong>faciam,</strong></span> <span class='ocrx_word' id='word_1_62' title='bbox 1492 771 1629 835; x_wconf 93' lang='lat' dir='ltr'><strong>quod</strong></span> <span class='ocrx_word' id='word_1_63' title='bbox 1661 770 1712 820; x_wconf 93' lang='lat' dir='ltr'><strong>in</strong></span> <span class='ocrx_word' id='word_1_64' title='bbox 1743 770 1870 835; x_wconf 88' lang='lat' dir='ltr'><strong>prin-</strong></span> 
     </span>
     <span class='ocr_line' id='line_1_9' title="bbox 198 851 1867 918; baseline -0.001 -15"><span class='ocrx_word' id='word_1_65' title='bbox 198 851 332 918; x_wconf 90' lang='lat' dir='ltr'><strong>cipio</strong></span> <span class='ocrx_word' id='word_1_66' title='bbox 365 851 470 902; x_wconf 90' lang='lat' dir='ltr'><strong>fieri</strong></span> <span class='ocrx_word' id='word_1_67' title='bbox 505 852 557 902; x_wconf 90' lang='lat' dir='ltr'><strong>in</strong></span> <span class='ocrx_word' id='word_1_68' title='bbox 594 851 828 902; x_wconf 90' lang='lat' dir='ltr'><strong>omnibus</strong></span> <span class='ocrx_word' id='word_1_69' title='bbox 866 851 1284 916; x_wconf 86' lang='lat' dir='ltr'>disputationibus</span> <span class='ocrx_word' id='word_1_70' title='bbox 1318 861 1545 916; x_wconf 89' lang='lat' dir='ltr'><strong>oportere</strong></span> <span class='ocrx_word' id='word_1_71' title='bbox 1578 869 1772 911; x_wconf 91' lang='lat' dir='ltr'><strong>cense0‚</strong></span> <span class='ocrx_word' id='word_1_72' title='bbox 1799 861 1867 912; x_wconf 91' lang='lat' dir='ltr'><strong>ut,</strong></span> 
     </span>
     <span class='ocr_line' id='line_1_10' title="bbox 198 933 1869 1000; baseline -0.001 -16"><span class='ocrx_word' id='word_1_73' title='bbox 198 933 323 1000; x_wconf 89' lang='lat' dir='ltr'><strong>quid</strong></span> <span class='ocrx_word' id='word_1_74' title='bbox 355 933 480 984; x_wconf 89' lang='lat' dir='ltr'><strong>illud</strong></span> <span class='ocrx_word' id='word_1_75' title='bbox 514 933 590 994; x_wconf 90' lang='lat' dir='ltr'><strong>sit,</strong></span> <span class='ocrx_word' id='word_1_76' title='bbox 627 935 693 985; x_wconf 92' lang='lat' dir='ltr'><strong>de</strong></span> <span class='ocrx_word' id='word_1_77' title='bbox 734 951 836 998; x_wconf 91' lang='lat' dir='ltr'><strong>quo</strong></span> <span class='ocrx_word' id='word_1_78' title='bbox 870 934 1161 998; x_wconf 89' lang='lat' dir='ltr'><strong>disputetur,</strong></span> <span class='ocrx_word' id='word_1_79' title='bbox 1196 936 1496 998; x_wconf 85' lang='lat' dir='ltr'><strong>explanetur,</strong></span> <span class='ocrx_word' id='word_1_80' title='bbox 1524 951 1588 983; x_wconf 91' lang='lat' dir='ltr'><strong>ne</strong></span> <span class='ocrx_word' id='word_1_81' title='bbox 1623 933 1785 998; x_wconf 87' lang='lat' dir='ltr'><strong>vagari</strong></span> <span class='ocrx_word' id='word_1_82' title='bbox 1820 942 1869 983; x_wconf 89' lang='lat' dir='ltr'><strong>et</strong></span> 
     </span>
    </p>

    <p class='ocr_par' dir='ltr' id='par_1_5' title="bbox 128 1014 1969 1406">
     <span class='ocr_line' id='line_1_11' title="bbox 128 1014 1868 1079; baseline -0.003 -10"><span class='ocrx_word' id='word_1_83' title='bbox 128 1028 180 1069; x_wconf 75' lang='lat'><strong>10</strong></span> <span class='ocrx_word' id='word_1_84' title='bbox 199 1031 358 1066; x_wconf 86' lang='lat' dir='ltr'><strong>errare</strong></span> <span class='ocrx_word' id='word_1_85' title='bbox 396 1023 601 1079; x_wconf 87' lang='lat' dir='ltr'><strong>cogatur</strong></span> <span class='ocrx_word' id='word_1_86' title='bbox 641 1015 813 1075; x_wconf 88' lang='lat' dir='ltr'><strong>oratio,</strong></span> <span class='ocrx_word' id='word_1_87' title='bbox 850 1014 891 1064; x_wconf 92' lang='lat' dir='ltr'><strong>si</strong></span> <span class='ocrx_word' id='word_1_88' title='bbox 932 1014 992 1076; x_wconf 90' lang='lat' dir='ltr'><strong>ei,</strong></span> <span class='ocrx_word' id='word_1_89' title='bbox 1019 1015 1105 1079; x_wconf 92' lang='lat' dir='ltr'><strong>qui</strong></span> <span class='ocrx_word' id='word_1_90' title='bbox 1140 1014 1267 1064; x_wconf 93' lang='lat' dir='ltr'><strong>inter</strong></span> <span class='ocrx_word' id='word_1_91' title='bbox 1302 1032 1355 1064; x_wconf 90' lang='lat' dir='ltr'><strong>se</strong></span> <span class='ocrx_word' id='word_1_92' title='bbox 1391 1014 1724 1075; x_wconf 89' lang='lat' dir='ltr'><strong>dissenserint,</strong></span> <span class='ocrx_word' id='word_1_93' title='bbox 1766 1031 1868 1064; x_wconf 91' lang='lat' dir='ltr'><strong>non</strong></span> 
     </span>
     <span class='ocr_line' id='line_1_12' title="bbox 198 1094 1969 1164; baseline -0.001 -17"><span class='ocrx_word' id='word_1_94' title='bbox 198 1095 334 1147; x_wconf 86' lang='lat' dir='ltr'><strong>idem</strong></span> <span class='ocrx_word' id='word_1_95' title='bbox 359 1094 509 1164; x_wconf 91' lang='lat' dir='ltr'><strong>[esse]</strong></span> <span class='ocrx_word' id='word_1_96' title='bbox 547 1097 685 1157; x_wconf 91' lang='lat' dir='ltr'><strong>illud,</strong></span> <span class='ocrx_word' id='word_1_97' title='bbox 712 1098 776 1148; x_wconf 92' lang='lat' dir='ltr'><strong>de</strong></span> <span class='ocrx_word' id='word_1_98' title='bbox 814 1114 915 1161; x_wconf 92' lang='lat' dir='ltr'><strong>quo</strong></span> <span class='ocrx_word' id='word_1_99' title='bbox 946 1096 1117 1160; x_wconf 89' lang='lat' dir='ltr'><strong>agitur,</strong></span> <span class='ocrx_word' id='word_1_100' title='bbox 1145 1096 1442 1161; x_wconf 87' lang='lat' dir='ltr'><strong>intellegant.</strong></span> <span class='ocrx_word' id='word_1_101' title='bbox 1518 1099 1650 1147; x_wconf 90' lang='lat' dir='ltr'><strong>Nam</strong></span> <span class='ocrx_word' id='word_1_102' title='bbox 1680 1096 1720 1147; x_wconf 92' lang='lat' dir='ltr'><strong>si</strong></span> <span class='ocrx_word' id='word_1_103' title='bbox 1744 1098 1869 1154; x_wconf 89' lang='lat' dir='ltr'><strong>forte</strong></span> <span class='ocrx_word' id='word_1_104' title='bbox 1893 1110 1969 1141; x_wconf 84' lang='lat'><strong>210</strong></span> 
     </span>
     <span class='ocr_line' id='line_1_13' title="bbox 197 1177 1868 1242; baseline 0 -14"><span class='ocrx_word' id='word_1_105' title='bbox 197 1186 512 1242; x_wconf 84' lang='lat' dir='ltr'><strong>quaereretur</strong></span> <span class='ocrx_word' id='word_1_106' title='bbox 568 1195 696 1242; x_wconf 88' lang='lat' dir='ltr'><strong>quae</strong></span> <span class='ocrx_word' id='word_1_107' title='bbox 754 1187 883 1228; x_wconf 91' lang='lat' dir='ltr'><strong>esset</strong></span> <span class='ocrx_word' id='word_1_108' title='bbox 939 1195 1017 1227; x_wconf 86' lang='lat' dir='ltr'><strong>ars</strong></span> <span class='ocrx_word' id='word_1_109' title='bbox 1078 1177 1400 1242; x_wconf 87' lang='lat' dir='ltr'><strong>imperatoris,</strong></span> <span class='ocrx_word' id='word_1_110' title='bbox 1463 1178 1868 1228; x_wconf 90' lang='lat' dir='ltr'><strong>constituendum</strong></span> 
     </span>
     <span class='ocr_line' id='line_1_14' title="bbox 196 1258 1868 1327; baseline -0.001 -16"><span class='ocrx_word' id='word_1_111' title='bbox 196 1269 423 1327; x_wconf 87' lang='lat' dir='ltr'><strong>putarem</strong></span> <span class='ocrx_word' id='word_1_112' title='bbox 458 1258 716 1324; x_wconf 91' lang='lat' dir='ltr'><strong>principio,</strong></span> <span class='ocrx_word' id='word_1_113' title='bbox 760 1259 870 1324; x_wconf 92' lang='lat' dir='ltr'><strong>quis</strong></span> <span class='ocrx_word' id='word_1_114' title='bbox 912 1268 1041 1310; x_wconf 90' lang='lat' dir='ltr'><strong>esset</strong></span> <span class='ocrx_word' id='word_1_115' title='bbox 1089 1259 1387 1323; x_wconf 70' lang='lat' dir='ltr'><strong>imperator,</strong></span> <span class='ocrx_word' id='word_1_116' title='bbox 1445 1259 1530 1323; x_wconf 86' lang='lat' dir='ltr'><strong>qui</strong></span> <span class='ocrx_word' id='word_1_117' title='bbox 1577 1277 1692 1309; x_wconf 92' lang='lat' dir='ltr'><strong>cum</strong></span> <span class='ocrx_word' id='word_1_118' title='bbox 1739 1268 1868 1310; x_wconf 90' lang='lat' dir='ltr'><strong>esset</strong></span> 
     </span>
     <span class='ocr_line' id='line_1_15' title="bbox 198 1340 1869 1406; baseline -0.001 -13"><span class='ocrx_word' id='word_1_119' title='bbox 198 1340 496 1393; x_wconf 88' lang='lat' dir='ltr'><strong>constitutus</strong></span> <span class='ocrx_word' id='word_1_120' title='bbox 529 1340 897 1391; x_wconf 89' lang='lat' dir='ltr'><strong>administrator</strong></span> <span class='ocrx_word' id='word_1_121' title='bbox 934 1341 1139 1406; x_wconf 90' lang='lat' dir='ltr'><strong>quidam</strong></span> <span class='ocrx_word' id='word_1_122' title='bbox 1177 1341 1292 1391; x_wconf 92' lang='lat' dir='ltr'><strong>belli</strong></span> <span class='ocrx_word' id='word_1_123' title='bbox 1324 1340 1540 1405; x_wconf 88' lang='lat' dir='ltr'><strong>gerendi,</strong></span> <span class='ocrx_word' id='word_1_124' title='bbox 1567 1350 1673 1391; x_wconf 90' lang='lat' dir='ltr'><strong>tum</strong></span> <span class='ocrx_word' id='word_1_125' title='bbox 1697 1340 1869 1391; x_wconf 91' lang='lat' dir='ltr'><strong>adiun-</strong></span> 
     </span>
    </p>

    <p class='ocr_par' dir='ltr' id='par_1_6' title="bbox 127 1422 1869 1815">
     <span class='ocr_line' id='line_1_16' title="bbox 127 1422 1867 1489; baseline 0 -15"><span class='ocrx_word' id='word_1_126' title='bbox 127 1436 175 1479; x_wconf 79' lang='lat'><strong>15</strong></span> <span class='ocrx_word' id='word_1_127' title='bbox 197 1439 425 1489; x_wconf 87' lang='lat' dir='ltr'><strong>geremus</strong></span> <span class='ocrx_word' id='word_1_128' title='bbox 448 1424 513 1473; x_wconf 90' lang='lat' dir='ltr'><strong>de</strong></span> <span class='ocrx_word' id='word_1_129' title='bbox 536 1422 765 1484; x_wconf 88' lang='lat' dir='ltr'><strong>exercitu,</strong></span> <span class='ocrx_word' id='word_1_130' title='bbox 793 1425 857 1473; x_wconf 93' lang='lat' dir='ltr'><strong>de</strong></span> <span class='ocrx_word' id='word_1_131' title='bbox 896 1422 1079 1484; x_wconf 81' lang='lat' dir='ltr'><strong>castriS,</strong></span> <span class='ocrx_word' id='word_1_132' title='bbox 1106 1424 1171 1473; x_wconf 92' lang='lat' dir='ltr'><strong>de</strong></span> <span class='ocrx_word' id='word_1_133' title='bbox 1202 1422 1496 1486; x_wconf 83' lang='lat' dir='ltr'><strong>agminibuS,</strong></span> <span class='ocrx_word' id='word_1_134' title='bbox 1524 1424 1588 1473; x_wconf 94' lang='lat' dir='ltr'><strong>de</strong></span> <span class='ocrx_word' id='word_1_135' title='bbox 1616 1422 1867 1487; x_wconf 89' lang='lat' dir='ltr'><strong>signorum</strong></span> 
     </span>
     <span class='ocr_line' id='line_1_17' title="bbox 198 1502 1866 1568; baseline 0.001 -14"><span class='ocrx_word' id='word_1_136' title='bbox 198 1502 578 1565; x_wconf 78' lang='lat' dir='ltr'><strong>conlationibUS,</strong></span> <span class='ocrx_word' id='word_1_137' title='bbox 595 1505 660 1554; x_wconf 89' lang='lat' dir='ltr'><strong>de</strong></span> <span class='ocrx_word' id='word_1_138' title='bbox 678 1503 977 1568; x_wconf 90' lang='lat' dir='ltr'><strong>oppidorum</strong></span> <span class='ocrx_word' id='word_1_139' title='bbox 997 1503 1464 1568; x_wconf 85' lang='lat' dir='ltr'><strong>oppugnationibuS‚</strong></span> <span class='ocrx_word' id='word_1_140' title='bbox 1486 1506 1550 1555; x_wconf 92' lang='lat' dir='ltr'><strong>de</strong></span> <span class='ocrx_word' id='word_1_141' title='bbox 1569 1514 1866 1565; x_wconf 87' lang='lat' dir='ltr'><strong>commeatu,</strong></span> 
     </span>
     <span class='ocr_line' id='line_1_18' title="bbox 198 1584 1868 1651; baseline 0 -15"><span class='ocrx_word' id='word_1_142' title='bbox 198 1586 265 1636; x_wconf 90' lang='lat' dir='ltr'><strong>de</strong></span> <span class='ocrx_word' id='word_1_143' title='bbox 298 1584 489 1636; x_wconf 88' lang='lat' dir='ltr'><strong>insidiis</strong></span> <span class='ocrx_word' id='word_1_144' title='bbox 521 1585 760 1636; x_wconf 90' lang='lat' dir='ltr'><strong>faciendis</strong></span> <span class='ocrx_word' id='word_1_145' title='bbox 791 1595 941 1650; x_wconf 89' lang='lat' dir='ltr'><strong>atque</strong></span> <span class='ocrx_word' id='word_1_146' title='bbox 976 1585 1202 1646; x_wconf 88' lang='lat' dir='ltr'><strong>vitandis,</strong></span> <span class='ocrx_word' id='word_1_147' title='bbox 1230 1587 1294 1636; x_wconf 92' lang='lat' dir='ltr'><strong>de</strong></span> <span class='ocrx_word' id='word_1_148' title='bbox 1329 1585 1528 1650; x_wconf 90' lang='lat' dir='ltr'><strong>reliquis</strong></span> <span class='ocrx_word' id='word_1_149' title='bbox 1553 1586 1712 1646; x_wconf 89' lang='lat' dir='ltr'><strong>rebus,</strong></span> <span class='ocrx_word' id='word_1_150' title='bbox 1740 1604 1868 1651; x_wconf 87' lang='lat' dir='ltr'><strong>quae</strong></span> 
     </span>
     <span class='ocr_line' id='line_1_19' title="bbox 197 1666 1869 1733; baseline 0.001 -15"><span class='ocrx_word' id='word_1_151' title='bbox 197 1675 363 1718; x_wconf 87' lang='lat' dir='ltr'><strong>essent</strong></span> <span class='ocrx_word' id='word_1_152' title='bbox 377 1666 604 1732; x_wconf 91' lang='lat' dir='ltr'><strong>propriae</strong></span> <span class='ocrx_word' id='word_1_153' title='bbox 622 1667 739 1717; x_wconf 92' lang='lat' dir='ltr'><strong>belli</strong></span> <span class='ocrx_word' id='word_1_154' title='bbox 756 1667 1134 1718; x_wconf 86' lang='lat' dir='ltr'><strong>administrandi</strong></span> <span class='ocrx_word' id='word_1_155' title='bbox 1154 1686 1168 1730; x_wconf 80' lang='lat'><strong>,-</strong></span> <span class='ocrx_word' id='word_1_156' title='bbox 1192 1685 1400 1733; x_wconf 90' lang='lat' dir='ltr'><strong>quarum</strong></span> <span class='ocrx_word' id='word_1_157' title='bbox 1421 1668 1506 1733; x_wconf 92' lang='lat' dir='ltr'><strong>qui</strong></span> <span class='ocrx_word' id='word_1_158' title='bbox 1521 1678 1685 1719; x_wconf 89' lang='lat' dir='ltr'><strong>essent</strong></span> <span class='ocrx_word' id='word_1_159' title='bbox 1699 1668 1869 1719; x_wconf 91' lang='lat' dir='ltr'><strong>animo</strong></span> 
     </span>
     <span class='ocr_line' id='line_1_20' title="bbox 198 1747 1868 1815; baseline 0.001 -16"><span class='ocrx_word' id='word_1_160' title='bbox 198 1757 248 1799; x_wconf 90' lang='lat' dir='ltr'><strong>et</strong></span> <span class='ocrx_word' id='word_1_161' title='bbox 263 1747 469 1799; x_wconf 88' lang='lat' dir='ltr'><strong>scientia</strong></span> <span class='ocrx_word' id='word_1_162' title='bbox 488 1757 760 1813; x_wconf 82' lang='lat' dir='ltr'><strong>compoteS,</strong></span> <span class='ocrx_word' id='word_1_163' title='bbox 779 1766 864 1799; x_wconf 90' lang='lat' dir='ltr'><strong>eos</strong></span> <span class='ocrx_word' id='word_1_164' title='bbox 885 1766 992 1799; x_wconf 92' lang='lat' dir='ltr'><strong>esse</strong></span> <span class='ocrx_word' id='word_1_165' title='bbox 1016 1748 1334 1813; x_wconf 89' lang='lat' dir='ltr'><strong>imperatores</strong></span> <span class='ocrx_word' id='word_1_166' title='bbox 1360 1750 1589 1811; x_wconf 88' lang='lat' dir='ltr'><strong>dicerem,</strong></span> <span class='ocrx_word' id='word_1_167' title='bbox 1608 1760 1868 1815; x_wconf 90' lang='lat' dir='ltr'><strong>utererque</strong></span> 
     </span>
    </p>

    <p class='ocr_par' dir='ltr' id='par_1_7' title="bbox 124 1829 1966 2220">
     <span class='ocr_line' id='line_1_21' title="bbox 124 1829 1868 1896; baseline 0.003 -20"><span class='ocrx_word' id='word_1_168' title='bbox 124 1845 176 1876; x_wconf 84' lang='lat'><strong>20</strong></span> <span class='ocrx_word' id='word_1_169' title='bbox 197 1829 436 1895; x_wconf 87' lang='lat' dir='ltr'><strong>exemplis</strong></span> <span class='ocrx_word' id='word_1_170' title='bbox 459 1829 806 1880; x_wconf 88' lang='lat' dir='ltr'><strong>Africanorum</strong></span> <span class='ocrx_word' id='word_1_171' title='bbox 832 1839 880 1880; x_wconf 91' lang='lat' dir='ltr'><strong>et</strong></span> <span class='ocrx_word' id='word_1_172' title='bbox 915 1830 1262 1891; x_wconf 87' lang='lat' dir='ltr'><strong>Maximorum,</strong></span> <span class='ocrx_word' id='word_1_173' title='bbox 1291 1831 1693 1895; x_wconf 89' lang='lat' dir='ltr'><strong>Epaminondam</strong></span> <span class='ocrx_word' id='word_1_174' title='bbox 1717 1841 1868 1896; x_wconf 90' lang='lat' dir='ltr'><strong>atque</strong></span> 
     </span>
     <span class='ocr_line' id='line_1_22' title="bbox 200 1910 1966 1976; baseline -0.001 -14"><span class='ocrx_word' id='word_1_175' title='bbox 200 1910 541 1966; x_wconf 83' lang='lat' dir='ltr'><strong>Hannibalem</strong></span> <span class='ocrx_word' id='word_1_176' title='bbox 564 1920 715 1976; x_wconf 89' lang='lat' dir='ltr'><strong>atque</strong></span> <span class='ocrx_word' id='word_1_177' title='bbox 752 1911 857 1962; x_wconf 88' lang='lat' dir='ltr'><strong>eius</strong></span> <span class='ocrx_word' id='word_1_178' title='bbox 895 1911 1086 1976; x_wconf 88' lang='lat' dir='ltr'><strong>generis</strong></span> <span class='ocrx_word' id='word_1_179' title='bbox 1124 1912 1352 1962; x_wconf 91' lang='lat' dir='ltr'><strong>homines</strong></span> <span class='ocrx_word' id='word_1_180' title='bbox 1384 1912 1706 1963; x_wconf 90' lang='lat' dir='ltr'><strong>nominarem.</strong></span> <span class='ocrx_word' id='word_1_181' title='bbox 1779 1912 1866 1963; x_wconf 92' lang='lat' dir='ltr'><strong>Sin</strong></span> <span class='ocrx_word' id='word_1_182' title='bbox 1892 1932 1966 1963; x_wconf 82' lang='lat'><strong>211</strong></span> 
     </span>
     <span class='ocr_line' id='line_1_23' title="bbox 195 1992 1866 2058; baseline 0.001 -16"><span class='ocrx_word' id='word_1_183' title='bbox 195 2001 366 2043; x_wconf 89' lang='lat' dir='ltr'><strong>autem</strong></span> <span class='ocrx_word' id='word_1_184' title='bbox 406 2009 754 2058; x_wconf 88' lang='lat' dir='ltr'><strong>quaereremus</strong></span> <span class='ocrx_word' id='word_1_185' title='bbox 802 1992 912 2057; x_wconf 92' lang='lat' dir='ltr'><strong>quis</strong></span> <span class='ocrx_word' id='word_1_186' title='bbox 955 2002 1084 2043; x_wconf 92' lang='lat' dir='ltr'><strong>esset</strong></span> <span class='ocrx_word' id='word_1_187' title='bbox 1130 1993 1185 2054; x_wconf 87' lang='lat' dir='ltr'><strong>is,</strong></span> <span class='ocrx_word' id='word_1_188' title='bbox 1229 1993 1315 2058; x_wconf 91' lang='lat' dir='ltr'><strong>qui</strong></span> <span class='ocrx_word' id='word_1_189' title='bbox 1352 1995 1418 2044; x_wconf 90' lang='lat' dir='ltr'><strong>ad</strong></span> <span class='ocrx_word' id='word_1_190' title='bbox 1464 2011 1567 2044; x_wconf 91' lang='lat' dir='ltr'><strong>rem</strong></span> <span class='ocrx_word' id='word_1_191' title='bbox 1614 1992 1866 2058; x_wconf 89' lang='lat' dir='ltr'><strong>publicam</strong></span> 
     </span>
     <span class='ocr_line' id='line_1_24' title="bbox 197 2073 1867 2126; baseline 0.001 -3"><span class='ocrx_word' id='word_1_192' title='bbox 197 2074 556 2125; x_wconf 86' lang='lat' dir='ltr'><strong>moderandam</strong></span> <span class='ocrx_word' id='word_1_193' title='bbox 594 2091 740 2124; x_wconf 90' lang='lat' dir='ltr'><strong>usum</strong></span> <span class='ocrx_word' id='word_1_194' title='bbox 779 2082 828 2124; x_wconf 91' lang='lat' dir='ltr'><strong>et</strong></span> <span class='ocrx_word' id='word_1_195' title='bbox 860 2073 1116 2124; x_wconf 89' lang='lat' dir='ltr'><strong>scientiam</strong></span> <span class='ocrx_word' id='word_1_196' title='bbox 1149 2084 1198 2124; x_wconf 92' lang='lat' dir='ltr'><strong>et</strong></span> <span class='ocrx_word' id='word_1_197' title='bbox 1222 2074 1442 2125; x_wconf 89' lang='lat' dir='ltr'><strong>studium</strong></span> <span class='ocrx_word' id='word_1_198' title='bbox 1467 2091 1611 2125; x_wconf 91' lang='lat' dir='ltr'><strong>suum</strong></span> <span class='ocrx_word' id='word_1_199' title='bbox 1637 2075 1867 2126; x_wconf 89' lang='lat' dir='ltr'><strong>contulis-</strong></span> 
     </span>
     <span class='ocr_line' id='line_1_25' title="bbox 196 2154 1865 2220; baseline 0.001 -16"><span class='ocrx_word' id='word_1_200' title='bbox 196 2163 285 2216; x_wconf 89' lang='lat' dir='ltr'><strong>set,</strong></span> <span class='ocrx_word' id='word_1_201' title='bbox 332 2154 590 2206; x_wconf 91' lang='lat' dir='ltr'><strong>definirem</strong></span> <span class='ocrx_word' id='word_1_202' title='bbox 637 2156 735 2205; x_wconf 92' lang='lat' dir='ltr'><strong>hoc</strong></span> <span class='ocrx_word' id='word_1_203' title='bbox 782 2157 965 2206; x_wconf 88' lang='lat' dir='ltr'><strong>modo:</strong></span> <span class='ocrx_word' id='word_1_204' title='bbox 1026 2155 1111 2220; x_wconf 93' lang='lat' dir='ltr'><strong>qui</strong></span> <span class='ocrx_word' id='word_1_205' title='bbox 1157 2155 1339 2220; x_wconf 92' lang='lat' dir='ltr'><strong>quibus</strong></span> <span class='ocrx_word' id='word_1_206' title='bbox 1380 2157 1527 2206; x_wconf 90' lang='lat' dir='ltr'><strong>rebus</strong></span> <span class='ocrx_word' id='word_1_207' title='bbox 1568 2156 1750 2206; x_wconf 88' lang='lat' dir='ltr'><strong>utilitas</strong></span> <span class='ocrx_word' id='word_1_208' title='bbox 1797 2156 1865 2206; x_wconf 90' lang='lat' dir='ltr'><strong>rei</strong></span> 
     </span>
    </p>

    <p class='ocr_par' dir='ltr' id='par_1_8' title="bbox 122 2235 1864 2612">
     <span class='ocr_line' id='line_1_26' title="bbox 122 2235 1862 2302; baseline 0.002 -19"><span class='ocrx_word' id='word_1_209' title='bbox 122 2251 172 2294; x_wconf 84' lang='lat'><strong>25</strong></span> <span class='ocrx_word' id='word_1_210' title='bbox 194 2235 426 2300; x_wconf 91' lang='lat' dir='ltr'><strong>publicae</strong></span> <span class='ocrx_word' id='word_1_211' title='bbox 470 2246 720 2300; x_wconf 86' lang='lat' dir='ltr'><strong>pareretur</strong></span> <span class='ocrx_word' id='word_1_212' title='bbox 766 2246 1138 2302; x_wconf 89' lang='lat' dir='ltr'><strong>augereturque,</strong></span> <span class='ocrx_word' id='word_1_213' title='bbox 1182 2246 1370 2287; x_wconf 89' lang='lat' dir='ltr'><strong>teneret</strong></span> <span class='ocrx_word' id='word_1_214' title='bbox 1416 2237 1587 2301; x_wconf 88' lang='lat' dir='ltr'><strong>eisque</strong></span> <span class='ocrx_word' id='word_1_215' title='bbox 1633 2246 1862 2299; x_wconf 90' lang='lat' dir='ltr'><strong>uteretur,</strong></span> 
     </span>
     <span class='ocr_line' id='line_1_27' title="bbox 194 2316 1864 2382; baseline 0.001 -16"><span class='ocrx_word' id='word_1_216' title='bbox 194 2317 331 2367; x_wconf 89' lang='lat' dir='ltr'><strong>hunc</strong></span> <span class='ocrx_word' id='word_1_217' title='bbox 353 2316 423 2367; x_wconf 91' lang='lat' dir='ltr'><strong>rei</strong></span> <span class='ocrx_word' id='word_1_218' title='bbox 445 2317 676 2381; x_wconf 89' lang='lat' dir='ltr'><strong>publicae</strong></span> <span class='ocrx_word' id='word_1_219' title='bbox 700 2327 943 2368; x_wconf 89' lang='lat' dir='ltr'><strong>rectorem</strong></span> <span class='ocrx_word' id='word_1_220' title='bbox 968 2327 1018 2368; x_wconf 91' lang='lat' dir='ltr'><strong>et</strong></span> <span class='ocrx_word' id='word_1_221' title='bbox 1047 2317 1221 2368; x_wconf 91' lang='lat' dir='ltr'><strong>consili</strong></span> <span class='ocrx_word' id='word_1_222' title='bbox 1246 2317 1434 2382; x_wconf 90' lang='lat' dir='ltr'><strong>publici</strong></span> <span class='ocrx_word' id='word_1_223' title='bbox 1467 2327 1720 2368; x_wconf 88' lang='lat' dir='ltr'><strong>auctorem</strong></span> <span class='ocrx_word' id='word_1_224' title='bbox 1756 2336 1864 2368; x_wconf 90' lang='lat' dir='ltr'><strong>esse</strong></span> 
     </span>
     <span class='ocr_line' id='line_1_28' title="bbox 194 2398 1864 2465; baseline 0.002 -18"><span class='ocrx_word' id='word_1_225' title='bbox 194 2398 498 2459; x_wconf 89' lang='lat' dir='ltr'><strong>habendum,</strong></span> <span class='ocrx_word' id='word_1_226' title='bbox 541 2399 976 2465; x_wconf 87' lang='lat' dir='ltr'><strong>praedicaremque</strong></span> <span class='ocrx_word' id='word_1_227' title='bbox 1015 2402 1068 2449; x_wconf 90' lang='lat' dir='ltr'><strong>P.</strong></span> <span class='ocrx_word' id='word_1_228' title='bbox 1109 2402 1377 2450; x_wconf 91' lang='lat' dir='ltr'><strong>Lentulum</strong></span> <span class='ocrx_word' id='word_1_229' title='bbox 1414 2399 1688 2464; x_wconf 90' lang='lat' dir='ltr'><strong>principem</strong></span> <span class='ocrx_word' id='word_1_230' title='bbox 1724 2399 1864 2450; x_wconf 21' lang='lat' dir='ltr'><strong>illum*</strong></span> 
     </span>
     <span class='ocr_line' id='line_1_29' title="bbox 194 2478 1862 2544; baseline 0.002 -16"><span class='ocrx_word' id='word_1_231' title='bbox 194 2487 244 2528; x_wconf 92' lang='lat' dir='ltr'><strong>et</strong></span> <span class='ocrx_word' id='word_1_232' title='bbox 267 2478 343 2528; x_wconf 91' lang='lat' dir='ltr'><strong>Ti.</strong></span> <span class='ocrx_word' id='word_1_233' title='bbox 372 2481 653 2541; x_wconf 89' lang='lat' dir='ltr'><strong>Gracchum</strong></span> <span class='ocrx_word' id='word_1_234' title='bbox 677 2489 867 2544; x_wconf 89' lang='lat' dir='ltr'><strong>patrem</strong></span> <span class='ocrx_word' id='word_1_235' title='bbox 892 2489 941 2530; x_wconf 91' lang='lat' dir='ltr'><strong>et</strong></span> <span class='ocrx_word' id='word_1_236' title='bbox 966 2482 1028 2543; x_wconf 87' lang='lat' dir='ltr'><strong>Q.</strong></span> <span class='ocrx_word' id='word_1_237' title='bbox 1059 2482 1320 2530; x_wconf 90' lang='lat' dir='ltr'><strong>Metellum</strong></span> <span class='ocrx_word' id='word_1_238' title='bbox 1345 2490 1394 2531; x_wconf 94' lang='lat' dir='ltr'><strong>et</strong></span> <span class='ocrx_word' id='word_1_239' title='bbox 1419 2483 1472 2530; x_wconf 89' lang='lat' dir='ltr'><strong>P.</strong></span> <span class='ocrx_word' id='word_1_240' title='bbox 1501 2480 1788 2531; x_wconf 87' lang='lat' dir='ltr'><strong>Africanum</strong></span> <span class='ocrx_word' id='word_1_241' title='bbox 1813 2491 1862 2531; x_wconf 93' lang='lat' dir='ltr'><strong>et</strong></span> 
     </span>
     <span class='ocr_line' id='line_1_30' title="bbox 194 2559 1861 2612; baseline 0.002 -3"><span class='ocrx_word' id='word_1_242' title='bbox 194 2559 252 2610; x_wconf 90' lang='lat' dir='ltr'><strong>C.</strong></span> <span class='ocrx_word' id='word_1_243' title='bbox 281 2559 506 2610; x_wconf 91' lang='lat' dir='ltr'><strong>Laelium</strong></span> <span class='ocrx_word' id='word_1_244' title='bbox 524 2570 574 2610; x_wconf 91' lang='lat' dir='ltr'><strong>et</strong></span> <span class='ocrx_word' id='word_1_245' title='bbox 598 2559 970 2611; x_wconf 89' lang='lat' dir='ltr'><strong>innumerabilis</strong></span> <span class='ocrx_word' id='word_1_246' title='bbox 987 2560 1111 2611; x_wconf 88' lang='lat' dir='ltr'><strong>alios</strong></span> <span class='ocrx_word' id='word_1_247' title='bbox 1131 2578 1245 2611; x_wconf 94' lang='lat' dir='ltr'><strong>cum</strong></span> <span class='ocrx_word' id='word_1_248' title='bbox 1265 2578 1324 2611; x_wconf 90' lang='lat' dir='ltr'><strong>ex</strong></span> <span class='ocrx_word' id='word_1_249' title='bbox 1343 2570 1511 2612; x_wconf 87' lang='lat' dir='ltr'><strong>nostra</strong></span> <span class='ocrx_word' id='word_1_250' title='bbox 1536 2560 1731 2611; x_wconf 89' lang='lat' dir='ltr'><strong>civitate</strong></span> <span class='ocrx_word' id='word_1_251' title='bbox 1754 2570 1861 2612; x_wconf 91' lang='lat' dir='ltr'><strong>tum</strong></span> 
     </span>
    </p>

    <p class='ocr_par' dir='ltr' id='par_1_9' title="bbox 117 2641 1962 2955">
     <span class='ocr_line' id='line_1_31' title="bbox 117 2641 1962 2707; baseline 0.001 -18"><span class='ocrx_word' id='word_1_252' title='bbox 117 2657 173 2698; x_wconf 80' lang='lat'><strong>30</strong></span> <span class='ocrx_word' id='word_1_253' title='bbox 193 2657 254 2690; x_wconf 85' lang='lat' dir='ltr'><strong>ex</strong></span> <span class='ocrx_word' id='word_1_254' title='bbox 277 2641 462 2692; x_wconf 90' lang='lat' dir='ltr'><strong>ceteris.</strong></span> <span class='ocrx_word' id='word_1_255' title='bbox 536 2641 624 2692; x_wconf 92' lang='lat' dir='ltr'><strong>Sin</strong></span> <span class='ocrx_word' id='word_1_256' title='bbox 646 2651 814 2692; x_wconf 87' lang='lat' dir='ltr'><strong>autem</strong></span> <span class='ocrx_word' id='word_1_257' title='bbox 850 2651 1164 2707; x_wconf 91' lang='lat' dir='ltr'><strong>quaereretur</strong></span> <span class='ocrx_word' id='word_1_258' title='bbox 1202 2642 1431 2707; x_wconf 90' lang='lat' dir='ltr'><strong>quisnam</strong></span> <span class='ocrx_word' id='word_1_259' title='bbox 1464 2643 1581 2693; x_wconf 91' lang='lat' dir='ltr'><strong>iuris</strong></span> <span class='ocrx_word' id='word_1_260' title='bbox 1607 2645 1860 2694; x_wconf 90' lang='lat' dir='ltr'><strong>consultus</strong></span> <span class='ocrx_word' id='word_1_261' title='bbox 1886 2660 1962 2691; x_wconf 83' lang='lat'><strong>212</strong></span> 
     </span>
     <span class='ocr_line' id='line_1_32' title="bbox 191 2722 1929 2790; baseline 0.002 -18"><span class='ocrx_word' id='word_1_262' title='bbox 191 2738 306 2772; x_wconf 87' lang='lat' dir='ltr'><strong>vere</strong></span> <span class='ocrx_word' id='word_1_263' title='bbox 328 2722 680 2784; x_wconf 89' lang='lat' dir='ltr'><strong>nominaretur,</strong></span> <span class='ocrx_word' id='word_1_264' title='bbox 707 2741 822 2774; x_wconf 91' lang='lat' dir='ltr'><strong>eum</strong></span> <span class='ocrx_word' id='word_1_265' title='bbox 848 2723 1079 2784; x_wconf 90' lang='lat' dir='ltr'><strong>dicerem,</strong></span> <span class='ocrx_word' id='word_1_266' title='bbox 1107 2723 1193 2788; x_wconf 91' lang='lat' dir='ltr'><strong>qui</strong></span> <span class='ocrx_word' id='word_1_267' title='bbox 1217 2726 1381 2788; x_wconf 88' lang='lat' dir='ltr'><strong>legum</strong></span> <span class='ocrx_word' id='word_1_268' title='bbox 1413 2733 1463 2774; x_wconf 92' lang='lat' dir='ltr'><strong>et</strong></span> <span class='ocrx_word' id='word_1_269' title='bbox 1487 2725 1860 2776; x_wconf 89' lang='lat' dir='ltr'><strong>consuetudinis</strong></span> <span class='ocrx_word' id='word_1_270' title='bbox 1926 2788 1929 2790; x_wconf 30' lang='grc'><strong>,</strong></span> 
     </span>
     <span class='ocr_line' id='line_1_33' title="bbox 190 2801 1861 2871; baseline 0.003 -17"><span class='ocrx_word' id='word_1_271' title='bbox 190 2801 313 2866; x_wconf 81' lang='lat' dir='ltr'><strong>eiuS,</strong></span> <span class='ocrx_word' id='word_1_272' title='bbox 339 2820 438 2870; x_wconf 90' lang='lat' dir='ltr'><strong>qua</strong></span> <span class='ocrx_word' id='word_1_273' title='bbox 467 2803 642 2869; x_wconf 88' lang='lat' dir='ltr'><strong>privati</strong></span> <span class='ocrx_word' id='word_1_274' title='bbox 676 2803 728 2855; x_wconf 90' lang='lat' dir='ltr'><strong>in</strong></span> <span class='ocrx_word' id='word_1_275' title='bbox 764 2804 961 2855; x_wconf 86' lang='lat' dir='ltr'><strong>civitate</strong></span> <span class='ocrx_word' id='word_1_276' title='bbox 996 2814 1262 2866; x_wconf 89' lang='lat' dir='ltr'><strong>uterentur,</strong></span> <span class='ocrx_word' id='word_1_277' title='bbox 1289 2814 1338 2855; x_wconf 93' lang='lat' dir='ltr'><strong>et</strong></span> <span class='ocrx_word' id='word_1_278' title='bbox 1365 2807 1431 2857; x_wconf 87' lang='lat' dir='ltr'><strong>ad</strong></span> <span class='ocrx_word' id='word_1_279' title='bbox 1455 2809 1861 2871; x_wconf 82' lang='lat' dir='ltr'><strong>respondendum</strong></span> 
     </span>
     <span class='ocr_line' id='line_1_34' title="bbox 190 2885 1862 2955; baseline 0.002 -19"><span class='ocrx_word' id='word_1_280' title='bbox 190 2891 242 2935; x_wconf 86' lang='lat' dir='ltr'><strong>et</strong></span> <span class='ocrx_word' id='word_1_281' title='bbox 280 2885 348 2936; x_wconf 89' lang='lat' dir='ltr'><strong>ad</strong></span> <span class='ocrx_word' id='word_1_282' title='bbox 379 2886 630 2950; x_wconf 86' lang='lat' dir='ltr'><strong>agendum</strong></span> <span class='ocrx_word' id='word_1_283' title='bbox 670 2895 721 2936; x_wconf 88' lang='lat' dir='ltr'><strong>et</strong></span> <span class='ocrx_word' id='word_1_284' title='bbox 757 2887 823 2937; x_wconf 88' lang='lat' dir='ltr'><strong>ad</strong></span> <span class='ocrx_word' id='word_1_285' title='bbox 864 2888 1142 2937; x_wconf 91' lang='lat' dir='ltr'><strong>cavendum</strong></span> <span class='ocrx_word' id='word_1_286' title='bbox 1189 2886 1373 2951; x_wconf 89' lang='lat' dir='ltr'><strong>peritus</strong></span> <span class='ocrx_word' id='word_1_287' title='bbox 1414 2898 1556 2949; x_wconf 90' lang='lat' dir='ltr'><strong>esset,</strong></span> <span class='ocrx_word' id='word_1_288' title='bbox 1597 2898 1646 2938; x_wconf 90' lang='lat' dir='ltr'><strong>et</strong></span> <span class='ocrx_word' id='word_1_289' title='bbox 1693 2906 1752 2955; x_wconf 85' lang='lat' dir='ltr'><strong>ex</strong></span> <span class='ocrx_word' id='word_1_290' title='bbox 1795 2905 1862 2939; x_wconf 90' lang='lat' dir='ltr'><strong>eo</strong></span> 
     </span>
    </p>
   </div>
   <div class='ocr_carea' id='block_1_3' title="bbox 322 3014 1850 3081">
    <p class='ocr_par' dir='ltr' id='par_1_10' title="bbox 322 3014 1850 3081">
     <span class='ocr_line' id='line_1_35' title="bbox 322 3014 1850 3081; baseline 0.001 -25"><span class='ocrx_word' id='word_1_291' title='bbox 322 3025 379 3056; x_wconf 72' lang='grc' dir='ltr'><strong>’τι</strong></span> <span class='ocrx_word' id='word_1_292' title='bbox 412 3028 508 3058; x_wconf 80' lang='lat' dir='ltr'><strong>esse</strong></span> <span class='ocrx_word' id='word_1_293' title='bbox 529 3015 606 3058; x_wconf 80' lang='lat' dir='ltr'><strong>del.</strong></span> <span class='ocrx_word' id='word_1_294' title='bbox 627 3014 784 3058; x_wconf 68' lang='lat' dir='ltr'><strong>Schatz</strong></span> <span class='ocrx_word' id='word_1_295' title='bbox 946 3029 994 3066; x_wconf 88' lang='lat'><strong>14</strong></span> <span class='ocrx_word' id='word_1_296' title='bbox 1022 3016 1191 3068; x_wconf 86' lang='lat' dir='ltr'><strong>quidam</strong></span> <span class='ocrx_word' id='word_1_297' title='bbox 1209 3017 1297 3057; x_wconf 83' lang='lat' dir='ltr'><strong>secl.</strong></span> <span class='ocrx_word' id='word_1_298' title='bbox 1318 3015 1543 3059; x_wconf 72' lang='lat' dir='ltr'><strong>Friedrich:</strong></span> <span class='ocrx_word' id='word_1_299' title='bbox 1574 3031 1656 3058; x_wconf 85' lang='lat' dir='ltr'><strong>om.</strong></span> <span class='ocrx_word' id='word_1_300' title='bbox 1680 3016 1716 3057; x_wconf 89' lang='lat' dir='ltr'><em>L</em></span> <span class='ocrx_word' id='word_1_301' title='bbox 1795 3077 1800 3081; x_wconf 18' lang='grc' dir='ltr'><strong>μ</strong></span> <span class='ocrx_word' id='word_1_302' title='bbox 1848 3035 1850 3037; x_wconf 94' lang='grc'><em>·</em></span> 
     </span>
    </p>
   </div>
  </div>
 </body>
</html>
