2150 3444
184 331 187 334 Α
228 279 384 346 magis
406 279 455 330 vi
479 288 529 330 et
560 281 733 330 dolore
757 287 807 330 et
834 281 1010 331 ardore
1044 279 1197 329 animi
1225 279 1511 340 concitaraS,
1540 291 1593 330 ut
1624 300 1717 346 ego
1747 286 1812 334 ad
1837 284 1888 334 id

139 369 147 376 '
227 361 635 427 restinguendum
672 360 754 410 vix
789 377 994 410 conarer
1028 361 1304 410 accedere?
1364 362 1625 411 Habueras
1664 363 1796 413 enim
1837 374 1892 414 tu

227 441 397 494 omnia
428 441 481 492 in
516 458 666 492 causa
700 441 983 506 superiora:
1035 441 1150 512 vim,
1177 443 1357 506 fugam,
1397 441 1763 506 lapidationem,
1790 461 1894 494 cru·

227 522 482 574 delitatem
506 522 821 573 tribuniciam
846 522 898 571 in
932 522 1198 587 Caepionis
1221 522 1354 586 gravi
1379 522 1744 588 miserabilique
1776 541 1892 574 casu

177 615 203 658 5
226 603 279 654 in
296 603 536 654 iudicium
551 604 764 654 vocabas
784 622 798 664 3
833 602 1017 653 deinde
1031 602 1305 668 principem
1321 613 1368 653 et
1385 613 1583 654 senatus
1602 614 1651 655 et
1669 605 1889 665 civitatiS,

228 686 300 734 M.
327 684 612 745 Aemilium,
639 684 804 749 lapide
828 701 1118 748 percussum
1150 701 1258 734 esse
1283 685 1572 746 constabat,
1621 685 1668 735 vi
1692 689 1890 751 pulsum

225 783 255 817 e
278 768 467 831 templo
490 768 546 816 L.
575 767 775 817 Cottam
809 774 859 815 et
882 767 941 814 T.
979 765 1201 826 Didium,
1234 782 1349 815 cum
1382 766 1686 817 intercedere
1709 769 1891 818 vellent

224 846 479 912 rogationi,
520 864 671 898 nemo
716 855 908 911 poterat
954 863 1144 911 negare.
1234 848 1523 897 Accedebat
1569 857 1623 897 ut
1669 849 1792 898 haec
1838 858 1891 897 tu
1913 811 1995 940 ‘³988

224 929 519 980 adulescens
541 945 632 992 pro
655 945 707 977 re
731 927 933 992 publica
955 927 1095 992 queri
1119 944 1315 977 summa
1338 945 1453 977 cum
1479 928 1717 993 dignitate
1735 928 1893 979 existi·

152 1026 204 1058 10
224 1026 413 1061 marere
428 1027 443 1071 3
476 1026 582 1074 eg0‚
619 1011 774 1060 homo
803 1009 1069 1070 censoriuS,
1097 1009 1176 1059 vix
1205 1009 1321 1059 satis
1355 1012 1562 1060 honeste
1601 1010 1790 1061 viderer
1821 1027 1892 1061 se·

223 1090 460 1142 ditiosum
485 1091 645 1141 civem
670 1100 719 1141 et
743 1091 795 1140 in
819 1090 1036 1141 hominis
1061 1090 1330 1140 consularis
1346 1091 1623 1141 calamitate
1638 1093 1890 1142 crudelem

222 1189 387 1239 posse·
416 1174 697 1224 defendere.
795 1174 950 1221 Erant
997 1171 1172 1236 optimi
1218 1171 1348 1222 cives
1390 1172 1593 1231 iudiceS,
1643 1174 1889 1223 bonorum

223 1254 438 1304 virorum
470 1256 674 1319 plenum
699 1256 874 1314 forum,
902 1253 983 1302 vix
1017 1262 1072 1302 ut
1108 1253 1230 1303 mihi
1267 1253 1429 1303 tenuis
1465 1256 1711 1318 quaedam
1747 1254 1892 1305 venia

223 1336 422 1387 daretur
443 1335 787 1396 excusationis,
809 1336 946 1400 quod
972 1344 1138 1385 tamen
1163 1352 1277 1385 eum
1302 1336 1635 1395 defenderem,
1658 1335 1743 1400 qui
1768 1335 1891 1385 mihi

152 1433 202 1476 ¹5
223 1426 456 1482 quaestor
487 1417 672 1468 fuisset.
748 1417 851 1467 Hic
887 1434 980 1480 ego
1014 1416 1136 1480 quid
1171 1415 1335 1467 dicam
1371 1433 1451 1467 me
1486 1426 1642 1467 artem
1672 1416 1889 1481 aliquam

221 1498 549 1549 adhibuisse?
612 1498 750 1561 Quid
808 1498 1022 1558 fecerim,
1083 1498 1292 1548 narrabo
1312 1516 1326 1559 3
1393 1497 1432 1547 si
1489 1498 1739 1562 placuerit,
1800 1515 1889 1548 vos

221 1596 385 1630 meam
409 1580 751 1630 defensionem
776 1579 828 1629 in
852 1579 1019 1644 aliquo
1037 1579 1152 1628 artis
1176 1581 1289 1629 loco
1312 1579 1573 1643 reponetis.
1648 1579 1888 1630 Omnium
1916 1595 1994 1639 ¹99

221 1660 523 1712 seditionum
546 1678 739 1726 genera,
766 1660 894 1722 vitia,
923 1660 1140 1725 pericula
1162 1660 1355 1724 conlegi
1380 1677 1590 1724 eamque
1615 1661 1888 1711 orationem

219 1759 281 1792 ex
320 1742 458 1793 omni
493 1743 563 1793 rei
596 1741 827 1807 publicae
862 1750 1057 1791 nostrae
1092 1750 1373 1805 temporum
1413 1741 1646 1791 varietate
1686 1741 1888 1806 repetivi

147 1843 198 1873 σο
219 1823 542 1888 conclusique
581 1824 663 1885 ita,
711 1832 767 1872 ut
806 1822 1037 1883 dicerem,
1077 1823 1169 1872 etsi
1207 1839 1381 1872 omnes
1420 1839 1614 1886 semper
1651 1825 1888 1873 molestae

217 1903 488 1955 seditiones
518 1904 740 1964 fuissent,
766 1903 918 1953 iustas
950 1912 1117 1953 tamen
1147 1903 1296 1953 fuisse
1325 1920 1428 1953 non
1461 1905 1620 1953 nullas
1652 1912 1702 1953 et
1733 1921 1887 1968 prope

216 1985 531 2036 necessarias,
603 1988 737 2035 Turn
762 1984 856 2044 illa,
885 2001 1013 2048 quae
1036 1985 1190 2034 modo
1216 1986 1422 2035 Crassus
1446 1986 1882 2046 commemorabat,

217 2067 295 2132 egi
318 2085 329 2116 :
363 2083 530 2132 neque
559 2083 698 2131 reges
723 2083 782 2116 ex
807 2067 900 2115 hac
925 2065 1121 2115 civitate
1146 2065 1270 2129 exigi
1295 2082 1459 2129 neque
1478 2065 1702 2115 tribunos
1726 2066 1885 2130 plebis

217 2149 370 2200 creari
393 2167 556 2215 neque
579 2149 850 2214 plebiscitis
875 2148 1055 2199 totiens
1080 2150 1389 2198 consularem
1408 2157 1704 2213 potestatem
1730 2148 1885 2198 minui

143 2249 195 2293 ²5
218 2247 383 2296 neque
405 2230 825 2296 provocationem,
852 2239 1110 2294 patronam
1143 2230 1277 2278 illam
1314 2228 1522 2278 civitatis
1553 2245 1612 2278 ae
1636 2228 1884 2279 vindicem

215 2311 467 2373 libertatiS,
506 2313 694 2377 populo
733 2314 967 2361 Romano
1007 2311 1111 2362 dari
1150 2311 1255 2360 sine
1293 2311 1537 2361 nobilium
1575 2310 1884 2361 dissensione

213 2392 435 2458 potuisse
451 2409 465 2454 3
505 2409 578 2453 ac,
605 2392 647 2441 si
677 2392 790 2442 illae
819 2390 1086 2442 seditiones
1122 2390 1267 2440 saluti
1299 2390 1415 2440 huic
1451 2390 1635 2440 civitati
1659 2390 1878 2451 fuissent,

212 2489 319 2525 non
341 2473 594 2535 continu0‚
623 2473 663 2524 si
686 2473 797 2538 quis
827 2482 992 2524 motus
1023 2473 1195 2538 populi
1224 2475 1381 2522 factus
1416 2481 1558 2532 esset,
1585 2471 1637 2522 id
1673 2473 1729 2523 C.
1759 2473 1883 2521 Nor-

212 2555 348 2606 bano
371 2555 424 2604 in
447 2554 636 2605 nefario
660 2555 866 2605 crimine
890 2564 1039 2619 atque
1064 2554 1116 2603 in
1148 2555 1319 2604 fraude
1344 2553 1542 2618 capitali
1566 2570 1673 2604 esse
1697 2570 1882 2617 ponen-

139 2653 192 2696 30
213 2637 348 2687 dum.
424 2637 579 2698 Quod
608 2635 649 2685 si
682 2653 919 2700 umquam
950 2636 1138 2700 populo
1165 2637 1398 2684 Romano
1427 2650 1721 2684 concessum
1753 2642 1883 2684 esset

212 2726 269 2768 ut
299 2717 412 2768 iure
452 2716 683 2768 incitatus
724 2716 984 2777 videretur,
1029 2715 1080 2766 id
1123 2717 1261 2780 quod
1301 2715 1547 2765 docebam
1586 2731 1734 2780 saepe
1773 2732 1881 2765 esse

265 2845 319 2887 M
334 2867 369 2882 =
390 2847 529 2889 ΑΕΗ
688 2859 714 2897 3
744 2847 854 2886 furta
875 2859 919 2885 m
937 2861 945 2885 :
977 2846 1110 2886 fucam
1131 2844 1194 2884 Ηι
1212 2859 1221 2884 :
1252 2845 1347 2884 fuca
1365 2844 1455 2885 AE
1601 2857 1650 2894 15
1679 2849 1882 2895 quaestor

209 2901 274 2943 L:
322 2903 487 2954 legatus
505 2900 579 2941 M:
627 2900 786 2942 sodalis
804 2900 970 2940 Nonius
1149 2901 1197 2939 18
1226 2899 1482 2940 seditionum
1507 2912 1591 2938 om.
1617 2897 1670 2936 M
1827 2899 1882 2937 26

210 2958 356 3014 populi
388 2956 571 2997 Romani
592 2955 750 2995 AEm:
789 2968 828 3006 p.
861 2967 893 2995 r.
916 2954 1007 2994 ΗΡ
1167 2968 1222 3004 29
1250 2955 1293 2994 in
1324 2954 1488 2994 nefario
1518 2953 1698 2993 crimine
1725 2966 1809 2992 om.
1832 2950 1885 2990 M

215 3011 334 3065 (xxiv
351 3010 425 3053 litt.
447 3016 552 3064 spat.
574 3023 659 3051 vac.
682 3009 752 3062 H)
918 3022 972 3060 30
1000 3021 1085 3059 quo
1105 3008 1143 3049 si
1164 3007 1219 3048 M

762 143 856 191 DE
891 142 1233 192 ORATORE
1305 145 1358 192 II
1905 160 1972 212 47
2000 163 2079 212 ¹97
