2150 3444
159 1195 204 1224 11

159 2006 203 2036 12

689 163 759 210 M.
799 163 1009 211 TVLLI
1046 162 1429 212 CICERONIS

231 301 403 350 consul
424 314 428 317 ⁴
451 300 737 349 defenderat
777 314 1004 362 quaeque
1051 315 1225 348 censor
1269 298 1591 363 imperatoriis
1637 299 1882 350 manubiis

229 390 440 443 ornarat,
477 380 694 445 positum
732 390 879 444 caput
917 380 1039 429 illud
1080 380 1186 440 fuit,
1227 396 1256 429 a
1297 397 1397 443 quo
1438 389 1575 430 erant
1616 384 1882 431 multorum

229 459 452 527 [civium]
492 461 653 525 capita
690 470 878 510 servata
893 478 906 521 3
953 476 1115 522 neque
1152 476 1268 509 vero
1309 462 1454 523 longe
1491 461 1556 509 ab
1592 478 1654 510 eo
1691 463 1747 512 C.
1787 462 1884 512 Iuli

230 550 378 606 caput
411 541 618 604 hospitis
656 541 849 590 Etrusci
881 542 1063 589 scelere
1098 540 1348 604 proditum
1381 556 1495 589 cum
1525 543 1578 589 L.
1609 541 1705 590 Iuli
1727 542 1884 591 fratris

229 621 389 685 capite
424 621 586 681 iacuit,
613 630 667 670 ut
703 621 797 681 ille,
825 620 910 684 qui
942 622 1065 669 haec
1100 637 1202 669 non
1238 619 1376 682 vidit,
1406 629 1455 669 et
1483 620 1658 671 vixisse
1689 638 1804 670 cum
1831 638 1884 671 re
1907 636 1930 678 5

229 702 427 765 publica
464 702 642 766 pariter
671 711 719 751 et
757 719 871 751 cum
904 702 987 750 illa
1025 701 1170 750 simul
1203 701 1470 751 exstinctus
1506 718 1613 751 esse
1646 701 1881 752 videatur.

231 784 409 846 Neque
467 783 598 832 enim
656 783 990 847 propinquum
1047 799 1209 845 suum,
1255 783 1455 831 maximi
1511 783 1663 832 animi
1708 783 1881 844 virum,

231 865 283 912 P.
313 864 561 924 Crassum,
594 872 765 926 suapte
794 863 1104 912 interfectum
1140 879 1290 911 manu
1326 879 1489 926 neque
1520 864 1754 926 conlegae
1792 863 1883 924 sui,

229 943 476 1007 pontificis
513 943 724 1003 maximi,
763 943 1000 1007 sanguine
1036 943 1356 993 simulacrum
1392 945 1574 992 Vestae
1608 960 1882 1007 respersum

229 1040 337 1072 esse
359 1023 509 1084 vidit3
545 1023 624 1072 cui
649 1023 871 1085 maerori,
890 1041 988 1088 qua
1011 1032 1178 1073 mente
1201 1023 1283 1072 ille
1305 1023 1357 1071 in
1381 1023 1586 1086 patriam
1609 1024 1717 1085 fuit,
1734 1024 1883 1073 etiam
1908 1042 1960 1072 10

231 1105 287 1154 C.
334 1103 589 1163 Carbonis,
633 1103 956 1153 inimicissimi
1002 1103 1231 1163 hominis,
1275 1105 1454 1152 eodem
1495 1103 1579 1152 illo
1624 1103 1707 1153 die
1751 1120 1884 1153 mors

230 1183 399 1232 fuisset
436 1183 619 1233 nefaria
635 1201 650 1244 3
689 1200 792 1233 non
827 1183 949 1233 vidit
985 1200 1155 1233 eorum
1191 1183 1427 1247 ipsorum,
1462 1183 1547 1247 qui
1582 1192 1688 1233 tum
1723 1186 1886 1234 adule-

230 1271 422 1312 scentes
456 1264 634 1313 Crasso
664 1280 716 1313 se
745 1263 983 1325 dicarant,
1006 1263 1250 1313 horribilis
1283 1263 1586 1327 miserosque
1621 1280 1762 1314 casus
1778 1282 1794 1326 3
1828 1281 1888 1315 ex

229 1343 409 1406 quibus
461 1341 565 1410 [C.]
606 1344 770 1405 Cotta,
807 1360 956 1407 quem
992 1343 1074 1393 ille
1109 1346 1368 1393 florentem
1406 1343 1677 1407 reliquerat,
1716 1344 1886 1408 paucis

230 1424 405 1474 diebus
435 1433 547 1488 post
572 1434 782 1474 mortem
808 1425 972 1476 Crassi
997 1427 1232 1489 depulsus
1261 1442 1348 1489 per
1371 1424 1607 1474 invidiam
1636 1425 1886 1476 tribunatu
1907 1442 1960 1484 -15

230 1523 331 1555 non
364 1506 529 1556 multis
561 1508 625 1557 ab
659 1524 719 1557 eo
752 1516 974 1571 tempore
998 1507 1252 1557 mensibus
1277 1507 1462 1556 eiectus
1495 1516 1569 1556 est
1601 1524 1629 1556 e
1659 1507 1856 1558 civitate
1871 1527 1886 1570 3

229 1586 472 1650 Sulpicius
501 1596 685 1649 autem,
709 1588 795 1651 qui
827 1587 879 1636 in
913 1590 1088 1637 eadem
1113 1587 1326 1637 invidiae
1350 1589 1550 1636 flamma
1574 1587 1760 1650 fuisset,
1784 1588 1887 1652 qui-

227 1668 438 1716 buscum
479 1667 693 1731 privatus
736 1668 1138 1718 coniunctissime
1175 1668 1374 1730 vixerat,
1411 1670 1503 1717 hos
1544 1667 1596 1717 in
1633 1668 1885 1718 tribunatu

228 1747 436 1810 spoliare
468 1747 677 1797 instituit
711 1747 847 1797 omni
878 1747 1115 1811 dignitate
1132 1766 1145 1808 3
1187 1747 1267 1797 cui
1300 1747 1503 1811 quidem
1537 1749 1603 1797 ad
1639 1764 1883 1798 summam

227 1826 430 1890 gloriam
471 1827 782 1891 eloquentiae
829 1828 1152 1877 efflorescenti
1198 1830 1324 1877 ferro
1370 1837 1537 1892 erepta
1576 1828 1676 1877 vita
1715 1836 1789 1878 est
1834 1837 1884 1878 et
1904 1845 1960 1874 20

229 1924 392 1971 poena
423 1908 706 1958 temeritatis
743 1925 845 1958 non
878 1908 983 1958 sine
1018 1925 1198 1973 magno
1232 1908 1301 1957 rei
1338 1908 1566 1972 publicae
1603 1910 1735 1958 malo
1771 1925 1884 1958 con-

231 1988 410 2038 stituta.
485 1992 592 2053 Ego
630 2006 745 2039 vero
782 1999 844 2049 te,
881 1990 1070 2049 Crasse,
1105 2006 1219 2038 cum
1250 1988 1378 2038 vitae
1415 1990 1534 2038 flore
1570 1997 1677 2038 tum
1714 1988 1884 2038 mortis

230 2069 596 2133 opportunitate
655 2069 824 2119 divino
875 2069 1081 2119 consilio
1128 2078 1177 2119 et
1223 2078 1450 2119 ornatum
1497 2078 1546 2119 et
1591 2069 1885 2119 exstinctum

230 2165 337 2199 esse
368 2150 603 2211 arbitror3
638 2167 753 2199 nam
783 2149 873 2200 tibi
906 2159 990 2199 aut
1014 2167 1102 2214 pro
1127 2150 1303 2199 virtute
1327 2148 1479 2199 animi
1511 2149 1886 2214 constantiaque

230 2239 315 2280 tua
349 2230 503 2281 civilis
531 2231 642 2280 ferri
674 2231 934 2281 subeunda
964 2232 1055 2281 fuit
1087 2231 1348 2281 crudelitas
1383 2239 1483 2292 aut,
1516 2230 1557 2280 si
1584 2246 1684 2294 qua
1717 2239 1767 2280 te
1793 2232 1886 2280 for·
1910 2243 1957 2285 25

231 2320 352 2359 tuna
374 2311 438 2360 ab
462 2311 715 2361 atrocitate
740 2312 909 2361 mortis
929 2311 1241 2373 vindicasset,
1261 2313 1436 2362 eadem
1461 2327 1567 2361 esse
1584 2319 1635 2360 te
1657 2312 1885 2360 funerum

232 2391 416 2455 patriae
462 2401 787 2456 spectatorem
836 2392 1075 2458 coegisset
1090 2411 1105 2454 3
1158 2409 1321 2456 neque
1367 2393 1527 2442 solum
1574 2391 1664 2441 tibi
1710 2391 1887 2456 impro-

234 2471 411 2520 borum
469 2473 768 2533 dominatus,
815 2474 904 2522 sed
950 2473 1098 2523 etiam
1149 2481 1347 2536 propter
1391 2472 1659 2522 admixtam
1705 2472 1886 2522 civium

178 2536 213 2585 4
235 2553 439 2601 caedem
475 2554 719 2603 bonorum
760 2553 963 2603 victoria
1002 2554 1209 2603 maerori
1245 2553 1427 2603 fuisset.
1501 2553 1630 2602 Mihi
1666 2553 1887 2616 quidem,

165 2611 211 2650 13

234 2632 420 2694 Quinte
453 2636 614 2696 frater,
646 2643 695 2683 et
727 2651 896 2684 eorum
933 2651 1091 2696 casuS,
1122 2636 1186 2684 de
1217 2634 1397 2698 quibus
1428 2643 1543 2683 ante
1577 2633 1690 2694 dixi,
1729 2642 1778 2683 et
1811 2651 1883 2694 ea,
1909 2647 1960 2688 30

232 2728 359 2774 quae
384 2724 577 2764 nosmet
609 2715 702 2779 ipsi
727 2716 792 2765 ob
817 2732 1036 2764 amorem
1061 2715 1111 2764 in
1136 2731 1240 2765 rem
1271 2715 1523 2779 publicam
1547 2713 1886 2764 incredibilem

287 2839 386 2877 M=
403 2841 539 2880 AEH
696 2854 721 2891 3
750 2842 903 2880 civium
930 2854 1012 2881 om.
1037 2841 1091 2880 M
1248 2853 1273 2890 5
1301 2841 1406 2880 vidit
1425 2854 1508 2882 om.
1535 2839 1589 2879 M
1724 2854 1776 2880 10
1802 2854 1886 2891 quo

232 2906 422 2934 maerore
445 2895 496 2934 M
633 2907 680 2933 12
710 2896 907 2935 nefariam
935 2896 988 2934 M
1151 2908 1199 2944 14
1229 2895 1275 2935 C.
1304 2908 1389 2935 om.
1410 2894 1464 2932 M
1645 2896 1694 2934 18
1721 2895 1885 2934 vixerat

231 2960 315 2986 om.
339 2946 392 2985 M
549 2961 603 2987 20
630 2949 913 2989 efflorescenti
932 2948 1120 2990 Ernesti:
1149 2949 1389 2989 florescenti
1409 2947 1521 2990 codd.
