2150 3444
728 125 824 173 DE
857 123 1202 175 ORATORE
1275 126 1358 173 III

213 263 356 330 quasi
378 264 554 315 orbem
567 263 830 315 verborum
850 265 1095 314 conficere
1113 279 1216 313 non
1235 272 1452 328 possent,
1470 280 1586 314 nam
1605 265 1657 315 id
1673 266 1879 330 quidem

211 363 371 411 nuper
384 347 463 396 vel
487 363 634 411 posse
657 348 735 396 vel
759 347 941 397 audere
966 345 1240 411 coepimuS,
1255 355 1394 395 terna
1416 355 1501 396 aut
1526 346 1643 395 bina
1667 356 1751 396 aut
1775 365 1878 397 non

210 427 336 477 nulli
380 427 573 493 singula
620 427 771 478 etiam
817 428 966 477 verba
1007 427 1273 488 dicebant3
1325 426 1412 491 qui
1452 426 1504 476 in
1551 427 1633 476 illa
1674 427 1880 478 infantia

211 510 434 560 naturale
468 509 604 571 illud,
643 510 782 574 quod
819 525 963 559 aures
997 508 1259 558 hominum
1300 507 1605 572 flagitabant,
1641 510 1879 558 tenebant

162 605 188 648 5
211 598 398 652 tamen,
418 599 477 640 ut
510 599 560 640 et
592 589 675 639 illa
709 599 875 640 essent
909 589 1055 654 paria,
1085 606 1214 655 quae
1242 588 1479 651 dicerent,
1507 598 1557 639 et
1587 590 1878 654 aequalibus

210 669 687 735 interspirationibus
711 679 975 719 uterentur.

278 750 501 816 Exposui
524 753 637 812 fere,
659 759 714 800 ut
737 750 891 814 potui,
909 766 1038 815 quae
1064 750 1276 800 maxime
1298 752 1364 800 ad
1389 760 1617 803 ornatum
1643 751 1878 801 orationis

207 831 453 898 pertinere
486 831 768 882 arbitrabar.
843 831 959 881 Dixi
995 833 1129 882 enim
1165 834 1230 882 de
1265 832 1570 897 singulorum
1607 835 1753 884 laude
1778 851 1877 884 ver-

207 913 402 975 borum,
429 911 530 964 dixi
549 914 624 964 de
654 912 1009 963 coniunctione
1040 930 1226 974 eorum,
1254 913 1355 964 dixi
1387 915 1452 964 de
1484 931 1693 965 numero
1728 925 1880 978 atque

134 1009 189 1042 10
209 995 398 1056 forma3
445 995 534 1045 sed
570 993 617 1044 ‘si
653 993 881 1044 habitum
922 994 1072 1045 etiam
1113 995 1348 1046 orationis
1390 1005 1440 1046 et
1477 995 1618 1060 quasi
1658 998 1879 1046 colorem

207 1074 426 1140 aliquem
461 1074 718 1140 requiritiS,
750 1084 824 1127 est
856 1084 907 1127 et
938 1078 1087 1141 plena
1111 1077 1373 1140 quaedam,
1400 1077 1490 1127 sed
1528 1086 1694 1127 tamen
1733 1087 1875 1140 tereS,

207 1166 259 1207 et
291 1155 468 1218 tenuis,
496 1172 600 1206 non
637 1155 745 1206 sine
776 1155 938 1207 nervis
968 1172 1029 1206 ac
1060 1156 1258 1218 viribuS‚
1285 1166 1335 1208 et
1370 1173 1443 1219 ea,
1469 1173 1598 1222 quae
1629 1158 1877 1224 particeps

206 1236 464 1304 utriusque
485 1236 677 1302 generis
700 1239 920 1302 quadam
943 1237 1286 1289 mediocritate
1309 1240 1550 1289 laudatur.
1602 1239 1700 1289 His
1720 1240 1877 1292 tribus

206 1317 373 1383 figuris
418 1317 633 1370 insidere
678 1318 884 1383 quidam
930 1318 1201 1369 venustatis
1247 1336 1350 1369 non
1397 1321 1513 1370 fuco
1559 1319 1742 1382 inlituS‚
1785 1323 1876 1372 sed

134 1415 183 1459 15
206 1399 448 1465 sanguine·
485 1399 693 1450 diffusus
733 1399 886 1450 debet
931 1401 1081 1450 color.
1154 1402 1288 1449 Tum
1334 1401 1553 1467 denique
1598 1401 1682 1452 hic
1727 1402 1875 1453 nobis

203 1487 370 1532 orator
390 1481 461 1531 ita
482 1482 871 1532 conformandus
902 1490 978 1531 est
1001 1490 1051 1531 et
1072 1481 1234 1532 verbis
1258 1490 1308 1532 et
1331 1482 1603 1543 sententiis,
1628 1492 1697 1544 ut,
1724 1500 1876 1548 quern

202 1563 271 1613 ad
302 1562 510 1613 modum
542 1561 630 1626 qui
651 1570 857 1612 utuntur
878 1561 1027 1612 armis
1056 1571 1143 1613 aut
1171 1565 1426 1629 palaestra,
1451 1580 1555 1614 non
1586 1565 1750 1616 solum
1781 1564 1877 1615 sibi

203 1642 393 1694 vitandi
437 1650 524 1692 aut
567 1641 776 1693 feriendi
816 1642 1059 1694 rationem
1105 1659 1215 1695 esse
1261 1644 1547 1695 habendam
1587 1654 1746 1710 putet,
1785 1647 1876 1714 sed

204 1723 368 1786 etiam,
398 1732 456 1774 ut
488 1739 606 1774 cum
640 1732 900 1776 venustate
937 1733 1206 1786 moveatur,
1245 1734 1300 1775 ut
1336 1726 1381 1776 ei
1416 1725 1503 1790 qui
1537 1725 1590 1775 in
1625 1742 1876 1777 armorum

129 1821 183 1852 20
203 1804 497 1856 tractatione
521 1813 790 1867 versantur,
819 1803 914 1873 [sic
935 1805 1099 1856 verbis
1123 1805 1329 1872 quidem
1351 1807 1418 1857 ad
1440 1815 1609 1872 aptam
1632 1807 1878 1872 composi-

202 1886 393 1938 tionem
415 1895 466 1938 et
484 1886 782 1948 decentiam,
809 1886 1068 1938 sententiis
1091 1903 1208 1938 vero
1231 1889 1298 1938 ad
1320 1887 1608 1953 gravitatem
1640 1888 1877 1946 orationis

202 1965 402 2036 utatur}
476 1970 774 2018 Formantur
807 1976 976 2018 autem
1012 1977 1062 2018 et
1102 1969 1254 2019 verba
1298 1977 1348 2019 et
1395 1968 1670 2019 sententiae
1714 1985 1876 2034 paene

201 2049 636 2112 innumerabiliter,
679 2051 819 2115 quod
866 2048 984 2100 satis
1031 2048 1135 2099 scio
1182 2058 1359 2100 notum
1406 2066 1515 2100 esse
1561 2049 1703 2100 vobis
1716 2068 1732 2112 ;
1784 2038 1876 2101 sed

199 2131 330 2182 inter
373 2131 823 2184 conformationem
868 2132 1133 2182 verborum
1180 2140 1229 2181 et
1270 2130 1625 2182 sententiarum
1666 2132 1764 2182 hoc
1804 2131 1876 2181 in-

128 2228 179 2272 2⁵
199 2222 365 2276 terest,
390 2215 530 2279 quod
563 2214 828 2266 verborum
863 2213 1062 2275 tollitur,
1097 2213 1138 2263 si
1173 2213 1323 2263 verba
1358 2212 1575 2274 mutariS,
1610 2212 1873 2264 sententia-

1900 140 1956 191 51
1988 138 2066 192 198

1901 729 1966 778 52

1905 805 1980 847 199

1901 1415 1983 1448 200

198 2312 309 2348 rum
332 2303 602 2360 permanet,
621 2295 1021 2361 quibuscumque
1038 2294 1200 2345 verbis
1224 2294 1296 2344 uti
1314 2294 1448 2344 velis,
1493 2295 1647 2358 Quod
1665 2294 1870 2360 quidem
1894 2309 1970 2341 ποι

199 2393 288 2428 vos
312 2376 404 2428 etsi
427 2376 601 2439 facitis,
627 2386 796 2428 tamen
813 2378 1163 2428 admonendos
1186 2385 1324 2442 put0,
1351 2393 1416 2427 ne
1440 2375 1564 2441 quid
1595 2392 1704 2427 esse
1734 2376 1871 2427 aliud

256 2504 311 2545 M
326 2525 362 2540 =
383 2505 523 2547 AEH
686 2518 705 2546 1
738 2518 858 2546 orum
884 2504 939 2545 M
1098 2518 1124 2545 2
1153 2506 1311 2546 audere
1338 2519 1359 2547 e
1383 2505 1495 2558 vulg.
1518 2521 1527 2546 z
1573 2505 1724 2546 audire
1756 2505 1870 2549 codd.

200 2571 229 2612 5
252 2559 449 2611 qualibus
469 2558 524 2600 M
633 2572 682 2612 14
710 2562 918 2612 quaedam
940 2558 995 2600 M
1103 2562 1154 2600 18
1184 2567 1337 2613 putent
1356 2559 1447 2599 HA
1473 2576 1483 2601 z
1502 2566 1654 2612 putant
1670 2559 1730 2601 Ee
1748 2561 1863 2614 vulg.

205 2628 256 2666 19
283 2620 331 2655 ut
359 2628 455 2656 cum
475 2620 702 2656 venustate
731 2621 994 2668 moveantur,
1028 2620 1073 2655 ut
1101 2616 1166 2655 eis
1195 2616 1269 2665 qui
1301 2616 1343 2655 in
1374 2628 1586 2656 armorum
1616 2615 1869 2656 tractatione

119 2683 128 2690 ·
200 2675 429 2710 versantur
447 2667 512 2719 M,
534 2671 545 2691 ‘
558 2667 696 2711 Locus
713 2670 911 2722 coufiosus
927 2674 965 2710 et
974 2669 1100 2722 plane
1119 2674 1333 2722 comptus
1346 2669 1356 2686 '
1394 2669 1596 2710 Fn'edn‘ch
1724 2682 1779 2710 20
1806 2670 1869 2710 sic

197 2724 342 2767 verbis
360 2753 371 2765 .
393 2755 404 2766 .
424 2754 435 2765 .
457 2729 601 2764 utatur
628 2737 712 2766 om.
733 2725 788 2764 M
838 2723 927 2764 Nos
951 2723 1198 2777 Stanglium
1230 2725 1357 2765 secuti
1380 2736 1533 2764 sumus
1672 2737 1726 2774 23
1758 2724 1870 2764 inter

199 2790 308 2830 quos
327 2778 410 2818 hoc
429 2779 613 2820 interest
631 2779 708 2818 sed
729 2778 843 2819 inter
861 2779 1225 2819 confirmationem
1244 2779 1470 2819 verborum
1491 2784 1534 2818 et
1560 2779 1868 2819 sententiarum

199 2832 558 2896 quod-verborum
579 2832 740 2874 tollitur
758 2831 820 2884 M,
843 2831 957 2885 quod
982 2831 1093 2874 dedit
1109 2832 1331 2874 Fn'edn‘ch.
1391 2832 1624 2874 Lectionem
1649 2833 1870 2886 vulgatam

200 2894 426 2940 aoeeptmus
