2150 3444
777 131 873 180 DE
909 128 1253 181 ORAToRE
1323 128 1414 179 ΠΙ
1451 132 1453 134 ·
1945 144 2015 195 44
2037 149 2116 194 ιη

257 286 363 322 non
407 267 773 335 defetigationis
820 277 1018 320 nostrae
1063 284 1228 333 neque
1282 266 1592 319 librariorum
1639 268 1789 330 notiS,
1835 270 1926 320 sed

257 351 522 403 verborum
557 361 607 402 et
642 350 996 402 sententiarum
1034 351 1190 401 modo
1226 348 1564 414 interpunctas
1596 351 1840 401 clausulas
1875 349 1927 400 in

257 433 565 485 orationibus
612 450 720 484 esse
766 434 1058 494 voluerunt3
1103 431 1256 497 idque
1301 430 1532 496 princeps
1581 433 1824 482 Isocrates
1859 431 1930 481 in-

259 514 477 566 stituisse
522 517 686 576 fertur,
736 523 792 565 ut
837 513 1147 565 inconditam
1197 512 1517 577 antiquorum
1565 511 1767 563 dicendi
1814 528 1930 563 con-

211 610 236 653 5
261 596 579 648 suetudinem
624 594 970 647 delectationis
1016 603 1168 658 atque
1213 593 1407 644 aurium
1454 609 1616 654 causa,
1667 610 1817 658 quem
1864 593 1931 644 ad

261 678 470 729 modum
511 676 680 727 scribit
721 675 994 741 discipulus
1035 674 1141 724 eius
1178 675 1468 735 NaucrateS,
1509 674 1726 724 numeris
1762 673 1931 724 astrin-

259 767 408 824 geret.
482 759 715 823 Namque
738 759 863 811 haec
887 758 991 808 duo
1022 754 1213 818 musici,
1241 755 1328 820 qui
1352 764 1491 806 erant
1515 756 1771 821 quondam
1796 755 1930 805 idem
1959 774 2034 817 ¹74

259 849 451 906 poetae,
468 838 740 890 machinati
762 839 829 889 ad
852 840 1158 903 voluptatem
1178 847 1306 900 sunt,
1328 854 1524 888 versum
1542 847 1692 902 atque
1711 846 1927 898 cantum,

261 930 318 971 ut
351 930 402 972 et
435 921 700 973 verborum
735 936 943 970 numero
976 928 1026 971 et
1060 937 1243 971 vocum
1272 921 1426 971 modo
1462 918 1794 970 delectatione
1831 917 1933 967 vin-

189 1021 241 1052 10
261 1011 431 1054 cerent
467 1002 660 1053 aurium
708 1001 999 1052 satietatem.
1089 1004 1233 1052 Haec
1280 1001 1426 1066 igitur
1471 1002 1592 1063 du0,
1638 1000 1774 1051 vocis
1816 999 1932 1050 dico

259 1084 657 1136 moderationem
693 1093 743 1135 et
777 1084 1042 1134 verborum
1074 1083 1464 1144 conclusionem,
1492 1084 1660 1148 quoad
1696 1081 1931 1132 orationis

260 1165 493 1219 severitas
516 1165 619 1231 pati
651 1174 830 1230 posset,
858 1182 888 1214 a
922 1164 1119 1230 poetica
1153 1166 1218 1215 ad
1253 1163 1589 1229 eloquentiam
1626 1164 1932 1214 traducenda

261 1247 520 1298 duxerunt.
595 1248 657 1296 In
689 1263 791 1312 quo
819 1245 942 1296 illud
978 1255 1053 1296 est
1087 1247 1165 1306 vel
1202 1244 1486 1306 maximum,
1514 1247 1652 1310 quod
1676 1261 1844 1295 versus
1879 1243 1931 1293 in
1959 1257 2033 1302 175

260 1327 489 1380 'oratione
526 1327 568 1378 si
606 1327 814 1378 efficitur
851 1327 1205 1378 coniunctione
1237 1328 1514 1387 verborum,
1554 1326 1727 1376 vitium
1760 1334 1848 1385 est,
1883 1334 1933 1375 et

192 1429 240 1472 ¹⁵
265 1419 432 1461 tamen
464 1426 576 1460 eam
611 1409 1018 1460 coniunctionem
1055 1409 1199 1459 sicuti
1231 1425 1427 1459 versum
1463 1424 1726 1458 numerose
1755 1407 1934 1457 cadere

263 1501 314 1542 et
346 1492 589 1556 quadrare
624 1499 673 1541 et
710 1490 879 1557 perfici
916 1492 1158 1541 volumus,
1233 1492 1414 1555 Neque
1451 1498 1526 1540 est
1563 1507 1623 1539 ex
1654 1488 1821 1539 multis
1856 1504 1934 1538 res

262 1588 375 1633 una,
417 1590 547 1638 quae
586 1572 740 1638 magis
779 1582 1024 1625 oratorem
1065 1573 1130 1622 ab
1159 1571 1390 1636 imperito
1428 1570 1629 1621 dicendi
1665 1569 1935 1634 ignaroque

263 1654 546 1720 distinguat,
575 1672 726 1720 quam
751 1657 890 1720 quod
919 1654 1001 1705 ille
1030 1653 1165 1705 rudis
1201 1652 1457 1704 incondite
1492 1652 1657 1703 fundit
1692 1660 1934 1716 quantum

264 1745 429 1801 potest
452 1746 502 1787 et
525 1736 591 1797 id,
620 1739 759 1801 quod
787 1736 922 1797 dicit,
950 1735 1136 1801 spiritu,
1164 1752 1267 1785 non
1299 1743 1403 1784 arte
1435 1733 1743 1793 determinat,
1772 1741 1935 1782 orator

191 1838 244 1868 πο
263 1827 431 1869 autem
455 1818 526 1868 sic
549 1819 719 1884 inligat
743 1817 1039 1868 sententiam
1064 1817 1238 1878 verbiS‚
1266 1825 1321 1866 ut
1345 1833 1456 1866 eam
1481 1832 1688 1866 numero
1713 1815 1934 1879 quodam

264 1901 622 1964 complectatur
653 1909 702 1950 et
729 1899 930 1950 astricto
965 1908 1015 1949 et
1050 1901 1227 1950 soluto.
1302 1900 1435 1948 Nam
1459 1914 1575 1948 cum
1599 1897 1753 1947 vinxit
1776 1899 1935 1947 forma
1961 1907 2038 1961 175

263 1991 314 2032 et
348 1981 525 2043 modis,
560 1984 742 2032 relaxat
778 1990 829 2032 et
866 1981 1041 2032 liberat
1077 1979 1424 2032 immutatione
1459 1979 1660 2042 ordiniS‚
1696 1989 1750 2029 ut
1784 1979 1935 2030 verba

262 2080 428 2128 neque
464 2062 678 2129 adligata
715 2063 814 2113 sint
853 2062 997 2128 quasi
1034 2072 1168 2113 certa
1203 2061 1371 2127 aliqua
1410 2064 1519 2126 lege
1558 2078 1727 2111 versus
1769 2077 1933 2126 neque

264 2143 334 2194 ita
378 2147 552 2207 soluta,
603 2154 659 2194 ut
703 2154 953 2210 vagentur.
1051 2146 1289 2207 Quonam
1343 2143 1490 2208 igitur
1536 2144 1691 2193 modo
1739 2151 1932 2192 tantum
1955 2146 2023 2197 45

191 2244 241 2286 25
266 2243 448 2276 munus
488 2225 771 2276 insistemus
811 2235 868 2276 ut
903 2225 1196 2276 arbitremur
1232 2242 1325 2275 nos
1367 2226 1497 2274 hanc
1534 2224 1635 2274 vim
1671 2240 1935 2274 numerose

264 2307 467 2358 dicendi
502 2307 741 2372 consequi
769 2310 954 2373 posse?
1023 2309 1142 2356 Non
1181 2316 1255 2356 est
1294 2323 1370 2356 res
1404 2315 1505 2355 tam
1542 2305 1753 2356 difficilis
1783 2323 1935 2371 quam

264 2388 569 2450 necessaria3
604 2389 728 2438 nihil
752 2398 827 2439 est
851 2389 985 2439 enim
1019 2398 1121 2438 tam
1146 2398 1372 2438 tenerum
1404 2405 1569 2453 neque
1594 2397 1696 2437 tam
1721 2387 1935 2438 flexibile

264 2487 429 2536 neque
468 2472 607 2536 quod
645 2479 747 2520 tam
788 2470 931 2520 facile
966 2479 1200 2535 sequatur
1237 2486 1558 2534 quocumque
1593 2471 1748 2520 ducas
1784 2486 1934 2534 quam

264 2552 434 2604 oratic.
508 2554 586 2603 Ex
631 2553 726 2603 hac
773 2568 955 2612 versuS,
1005 2569 1066 2601 ex
1111 2553 1206 2603 hac
1248 2552 1426 2601 eadem
1474 2550 1695 2616 dispares
1741 2551 1935 2601 numeri
1963 2566 2039 2612 177

318 2683 374 2724 M
390 2702 425 2718 =
445 2682 583 2724 ΑΕΗ
747 2695 765 2723 1
796 2683 1042 2724 liberiorum
1062 2680 1114 2721 M
1251 2694 1276 2733 5
1305 2695 1415 2733 quae
1434 2682 1489 2722 ad
1510 2680 1564 2721 M
1698 2683 1727 2722 6
1755 2682 1935 2734 discipu-

264 2738 350 2778 lum
368 2737 446 2779 M:
567 2737 822 2779 Naucratem
842 2736 895 2777 M
1025 2750 1070 2777 11
1102 2742 1146 2777 et
1166 2750 1250 2778 om.
1273 2736 1327 2776 M
1454 2749 1503 2776 12
1532 2736 1670 2788 possit
1688 2735 1726 2775 L
1853 2742 1935 2778 tra-

265 2793 503 2833 ducendam
533 2791 586 2832 M
779 2805 828 2843 13
855 2791 924 2832 vel
956 2805 1041 2833 om.
1075 2791 1129 2830 M
1320 2803 1369 2843 15
1399 2805 1493 2832 eam
1524 2792 1670 2844 vulg.:
1726 2792 1854 2832 etiam
1886 2789 1940 2831 M

265 2848 421 2888 cadere
441 2847 552 2900 vulg.
574 2861 584 2887 ε
613 2848 767 2888 sedere
787 2846 841 2886 M
1032 2848 1082 2886 16
1110 2852 1176 2886 est
1195 2860 1277 2886 om.
1299 2845 1354 2886 M
1554 2846 1697 2886 multis
1718 2847 1846 2887 rebus
1866 2859 1938 2887 res

267 2902 421 2942 maluit
435 2901 594 2955 Stangl
787 2903 836 2942 18
864 2907 1070 2952 quantum
1090 2907 1233 2952 potest
1251 2914 1334 2942 om,
1359 2900 1413 2940 M
1645 2915 1697 2951 24
1728 2901 1842 2941 solut
1860 2901 1902 2940 A
1925 2916 1935 2942 :

265 2957 406 2998 soluet
423 2957 488 2998 E:
518 2956 646 2998 soluit
667 2970 712 2996 m
878 2962 1042 2997 tantum
1061 2968 1145 2998 om.
1168 2955 1222 2995 M
1383 2957 1436 2995 26
1465 2961 1550 2996 tam
1571 2955 1812 2996 necessaria
1831 2954 1883 2994 M
