2150 3444
721 144 723 147 ’
774 155 869 203 DE
906 153 1247 203 ORATORE
1319 155 1372 202 11
1926 168 1987 206 10
2010 177 2061 219 41

241 283 422 363 quibus
457 294 740 360 eloquentia
771 302 1051 353 versaretur,
1081 309 1236 342 unum
1273 291 1535 352 infinitum,
1564 295 1769 343 alterum
1807 312 1905 345 cer-

240 370 359 428 tum.
435 376 693 427 Infinitum
736 375 857 425 mihi
892 375 1151 425 videbatur
1188 373 1240 424 id
1281 373 1459 432 dicere,
1500 373 1550 422 in
1587 391 1688 437 quo
1716 375 1904 439 aliquid
1928 391 1980 431 42

236 458 507 524 generatim
543 466 867 523 quaereretur,
907 459 1004 506 hoc
1040 457 1227 506 modo:
1265 456 1608 519 expetendane
1644 464 1773 506 esset
1809 459 1906 506 elo-

236 527 477 606 quentia?
522 538 851 605 expetendine
897 539 1151 588 honores?
1238 538 1443 588 Certum
1490 545 1670 596 autem,
1710 536 1762 586 in
1803 554 1905 601 quo

186 616 215 681 ἑ
235 621 359 687 quid
389 621 441 671 in
468 620 690 686 personis
714 629 764 671 et
787 619 839 669 in
864 619 1132 670 constituta
1160 635 1211 668 re
1240 627 1289 668 et
1321 617 1526 668 definita
1559 628 1871 682 quaereretur
1891 637 1904 680 ;

233 702 374 754 cuius
409 702 547 753 modi
582 711 708 762 sunt,
737 717 864 765 quae
900 700 951 749 in
987 702 1094 750 foro
1129 707 1278 763 atque
1314 698 1366 748 in
1396 696 1577 748 civium
1614 699 1773 749 causis
1809 700 1904 750 dis-

231 782 694 849 ceptationibusque
728 790 992 832 versantur.
1068 783 1143 830 Ea
1178 779 1301 829 mihi
1339 779 1568 830 videntur
1605 789 1690 830 aut
1728 779 1780 829 in
1816 781 1902 830 lite
1925 788 1979 831 43

230 864 417 926 oranda
438 872 524 914 aut
547 863 599 912 in
614 862 822 913 consilio
847 863 1017 913 dando
1042 878 1149 912 esse
1164 861 1326 926 posita
1347 879 1359 922 3
1396 878 1512 910 nam
1538 860 1660 912 illud
1685 861 1899 924 tertium,

228 942 368 1011 quod
394 954 444 995 et
470 961 501 994 a
524 946 704 996 Crasso
734 952 920 993 tactum
954 952 1028 993 est
1057 952 1118 1002 et,
1148 951 1202 991 ut
1234 941 1398 1002 audio,
1429 939 1551 1009 [ille]
1583 941 1687 1006 ipse
1716 942 1901 993 Aristo-

157 1029 207 1076 io‘
228 1028 361 1087 teleS,
389 1024 475 1091 qui
506 1027 630 1076 haec
672 1024 884 1075 maxime
925 1022 1212 1084 inlustravit,
1245 1022 1482 1082 adiunxit,
1511 1022 1659 1073 etiarn
1696 1023 1736 1073 si
1773 1041 1898 1088 opus

227 1117 314 1168 est,
363 1107 528 1157 minus
569 1115 643 1156 est
683 1115 855 1156 tamen
899 1105 1261 1156 necessarium!
1336 1103 1683 1167 ‘QuidnamP'
1736 1104 1898 1170 inquit

227 1190 464 1250 Catulus;
503 1192 515 1215 ‘
533 1205 597 1238 an
629 1187 980 1239 laudationes?
1050 1188 1112 1238 Id
1145 1186 1278 1237 enim
1303 1185 1451 1236 video
1475 1186 1595 1251 poni
1626 1203 1782 1251 genus
1808 1196 1897 1238 ter-

226 1269 380 1320 tium.'
454 1274 466 1296 ‘
482 1271 590 1338 Ita,'
614 1269 775 1334 inquit
799 1268 1050 1318 Antonius
1085 1273 1097 1294 ‘
1113 1277 1162 1319 et
1191 1268 1243 1317 in
1272 1283 1334 1318 eo
1359 1266 1563 1332 quidem
1587 1284 1766 1331 genere
1791 1269 1895 1320 scio
1920 1248 1965 1283 11

224 1361 274 1402 et
306 1369 386 1402 me
418 1361 468 1402 et
499 1350 674 1412 omniS,
704 1350 789 1415 qui
821 1352 1096 1410 adfuerunt,
1125 1351 1396 1400 delectatos
1429 1366 1536 1400 esse
1559 1350 1891 1410 vehementer,

153 1434 201 1492 1'5
224 1449 339 1483 cum
379 1451 410 1483 a
447 1442 499 1484 te
537 1442 612 1484 est
654 1432 858 1497 Popilia,
904 1441 1060 1483 mater
1096 1440 1270 1492 vestra,
1308 1432 1520 1491 laudata„
1560 1430 1641 1481 eui
1678 1431 1893 1495 primum

223 1513 415 1565 mulieri
462 1515 596 1564 hunc
643 1516 885 1564 honorem
928 1514 979 1562 in
1022 1522 1189 1564 nostra
1230 1512 1427 1563 civitate
1470 1511 1711 1563 tributum
1752 1523 1888 1577 puto,

221 1597 321 1647 Sed
356 1613 459 1647 non
495 1595 677 1656 omnia,
718 1612 1064 1661 quaecumque
1100 1592 1364 1660 loquimur,
1403 1594 1526 1644 mihi
1562 1594 1791 1645 videntur
1825 1597 1890 1646 ad

218 1685 374 1728 artem
409 1686 460 1728 et
493 1679 566 1745 ad
593 1686 857 1742 praecepta
891 1693 999 1726 esse
1032 1670 1343 1737 revocanda3
1379 1693 1438 1726 ex
1474 1675 1544 1725 eis
1580 1675 1714 1726 enim
1747 1675 1890 1727 fonti·
1911 1684 1965 1726 45

218 1757 324 1819 buS‚
352 1758 487 1809 unde
514 1756 620 1826 [ad]
641 1757 809 1809 omnia
833 1767 1123 1808 ornamenta
1146 1756 1348 1807 dicendi
1370 1754 1671 1824 [praecepta]
1690 1774 1889 1807 sumun-

145 1855 195 1887 πο
217 1847 306 1899 tur,
339 1838 508 1890 licebit
546 1833 695 1890 etiam
729 1839 1069 1890 laudationem
1106 1855 1279 1889 ornare
1317 1855 1480 1902 neque
1520 1837 1602 1887 illa
1642 1840 1888 1889 elementa

214 1914 506 1982 desiderare,
529 1938 658 1986 quae
689 1930 745 1971 ut
768 1938 919 1972 nemo
954 1922 1131 1982 tradat,
1161 1919 1271 1984 quis
1304 1929 1379 1970 est
1409 1919 1496 1984 qui
1528 1920 1730 1980 nesciat,
1759 1938 1887 1985 quae

214 2001 312 2066 sint
357 2001 410 2053 in
457 2002 662 2055 homine
698 2004 986 2054 laudanda?
1056 2001 1236 2053 Positis
1274 2001 1408 2052 enim
1450 2000 1520 2051 eis
1559 2002 1720 2062 rebuS,
1762 2019 1885 2067 quas

213 2084 420 2136 Crassus
438 2084 490 2135 in
514 2085 643 2136 illius
662 2085 898 2136 orationis
914 2101 1045 2147 suae,
1064 2101 1215 2150 quam
1239 2092 1412 2134 contra
1430 2084 1690 2148 conlegam
1710 2101 1886 2134 censor
1953 2080 1956 2083 ’

211 2165 397 2227 habuit,
442 2166 686 2232 principio
724 2166 876 2218 dixit:
913 2183 1041 2231 quae
1082 2175 1258 2216 natura
1293 2174 1379 2214 aut
1416 2166 1613 2214 fortuna
1650 2166 1884 2215 darentur

139 2240 188 2304 2'5
211 2245 515 2311 hominibuS,
548 2247 599 2298 in
635 2248 706 2299 eis
741 2249 889 2298 rebus
927 2265 980 2298 se
1008 2246 1140 2298 vinci
1172 2264 1318 2312 posse
1347 2245 1516 2296 animo
1551 2262 1714 2310 aequo
1745 2247 1846 2311 pati
1867 2266 1881 2309 3

209 2344 337 2392 quae
360 2327 454 2394 ipsi
487 2329 582 2380 sibi
610 2329 839 2379 homines
871 2346 1042 2394 parare
1070 2338 1288 2394 possent,
1315 2327 1367 2377 in
1401 2326 1471 2378 eis
1503 2327 1650 2377 rebus
1687 2344 1739 2378 se
1777 2327 1877 2392 pati

207 2425 311 2459 non
326 2426 472 2475 posse
488 2410 617 2461 vinci
625 2429 639 2473 3
659 2410 745 2476 qui
760 2411 983 2462 laudabit
1001 2410 1301 2476 quempiam,
1314 2409 1565 2473 intelleget
1580 2411 1877 2473 exponenda

206 2490 302 2541 sibi
337 2509 445 2542 esse
476 2493 702 2542 fortunae
733 2492 869 2543 bona
885 2510 899 2554 3
933 2509 993 2542 ea
1017 2500 1132 2542 sunt
1160 2490 1364 2556 generiS,
1392 2489 1646 2555 pecuniae,
1678 2490 1874 2555 propin·
1895 2494 1952 2545 46

205 2587 431 2636 quorum,
449 2572 736 2633 amicorum,
759 2589 926 2638 opum,
946 2571 1256 2633 valetudiniS,
1275 2574 1475 2631 formae,
1498 2570 1687 2631 virium,
1708 2571 1873 2637 ingeni

127 2651 191 2714 30'
204 2661 255 2703 et
272 2660 544 2704 ceterarum
559 2671 734 2715 rerum,
754 2671 882 2719 quae
906 2663 1021 2704 sunt
1044 2663 1130 2704 aut
1154 2653 1372 2718 corporis
1396 2662 1481 2703 aut
1505 2661 1764 2705 extraneae
1783 2673 1798 2716 3
1832 2653 1873 2704 si

203 2734 442 2795 habuerit,
478 2736 608 2786 bene
643 2736 790 2787 rebus
825 2735 896 2786 eis
932 2752 1112 2796 usum3
1148 2734 1189 2784 si
1221 2752 1324 2785 non
1349 2734 1591 2795 habuerit,
1625 2734 1873 2799 sapienter

257 2849 310 2890 M
327 2870 364 2885 ==
384 2849 525 2891 AEH
565 2852 568 2855 ’
679 2852 706 2891 8
729 2851 926 2891 ¹ornanda
947 2850 1000 2890 M
1017 2864 1025 2890 :
1056 2851 1292 2890 ordinanda
1312 2849 1352 2889 L
1516 2863 1544 2901 9
1573 2856 1798 2891 tractatum
1819 2851 1870 2891 M

199 2903 271 2946 ille
298 2918 381 2945 om.
405 2906 458 2945 M
662 2918 714 2957 19
742 2907 796 2946 ad
818 2906 881 2958 (et
900 2906 959 2958 E)
990 2906 1131 2945 omnia
1158 2911 1411 2945 ornamenta
1440 2903 1514 2945 M:
1547 2904 1690 2945 omnia
1716 2912 1868 2947 ornate

198 2959 311 3013 vulg.
400 2966 625 3000 sumentur
644 2960 681 2999 L
714 2960 802 3000 edd.
837 2964 927 3000 vett.
1079 2973 1132 3000 22
1164 2960 1305 3000 Possit
1336 2959 1432 2998 Mm
1563 2960 1607 2999 in
1639 2960 1768 3002 rebus
1789 2959 1865 3000 M:

198 3013 267 3054 his
289 3012 414 3055 rebus
435 3015 470 3055 L
637 3026 693 3064 30
722 3027 863 3055 rerum
884 3027 965 3055 om.
993 3015 1045 3055 M
1207 3027 1255 3063 31
1290 3015 1419 3054 rebus
1440 3025 1522 3053 om.
1550 3027 1636 3054 recc.

1706 3069 1755 3106 6*
