2150 3444
816 137 912 187 DE
948 137 1290 188 ORATORE
1362 136 1446 186 111
1950 148 1987 204 5
2009 138 2063 189 ,ο

263 273 422 326 multo
468 276 618 327 etiam
665 276 846 327 vidisse
886 277 1127 337 videntur,
1172 291 1324 341 quam
1364 283 1608 341 quantum
1650 285 1930 328 nostrorum

260 355 572 421 ingeniorum
595 357 726 407 acies
751 357 929 407 intueri
959 367 1139 422 potest,
1163 357 1249 421 qui
1273 356 1442 407 omnia
1465 358 1605 417 haee,
1632 373 1760 421 quae
1785 375 1933 423 supra
1963 423 1965 426 ι

261 446 312 487 et
349 439 532 501 subter,
569 455 726 488 unum
765 456 873 489 esse
910 448 959 488 et
995 456 1094 488 una
1134 438 1181 487 vi
1219 447 1370 502 atque
1411 435 1552 504 [una]
1595 439 1929 489 consensione

259 528 464 570 naturae
505 521 770 571 constricta
807 537 915 570 esse
957 520 1183 570 dixerunt
1201 538 1215 580 3
1264 521 1457 569 nullum
1494 529 1568 570 est
1603 519 1736 570 enim
1772 537 1929 585 genus

209 608 235 650 5
259 617 434 662 rerum,
463 602 600 666 quod
635 611 720 651 aut
754 603 980 651 avulsum
1015 618 1046 650 a
1080 600 1254 651 ceteris
1291 617 1378 665 per
1413 618 1467 651 se
1501 600 1665 666 ipsum
1702 611 1930 653 constare

256 691 345 732 aut
385 698 486 746 quo
533 691 695 732 cetera
735 682 776 731 si
814 690 1029 743 careant,
1069 681 1171 730 vim
1213 697 1354 730 suam
1394 690 1546 746 atque
1586 683 1925 733 aeternitatem
1951 730 1987 778 6

258 778 547 812 conservare
582 763 785 827 possint.
858 763 958 812 Sed
990 761 1030 811 si
1066 763 1191 812 haec
1226 762 1382 812 maior
1414 780 1522 813 esse
1557 763 1680 813 ratio
1715 764 1924 827 videtur,
1953 816 2000 846 π

256 858 408 906 quam
454 852 509 893 ut
555 843 816 893 hominum
857 843 1014 906 possit
1051 859 1200 893 sensu
1240 852 1326 893 aut
1367 843 1666 908 cogitatione
1707 861 1926 910 compre·

256 923 428 986 hendi,
452 933 527 974 est
550 923 699 974 etiam
723 924 806 973 illa
831 923 1051 973 Platonis
1075 941 1190 974 vera
1222 934 1271 975 et
1303 924 1410 986 tibi,
1437 926 1630 988 Catule,
1654 934 1786 976 certe
1820 943 1925 976 non

184 1020 237 1051 ιο
255 1003 479 1055 inaudita
523 1022 637 1068 vox,
682 1021 886 1055 omnem
943 1004 1222 1056 doctrinam
1269 1007 1445 1055 harum
1502 1006 1828 1070 ingenuarum
1875 1017 1926 1058 et

255 1086 585 1136 humanarum
631 1086 809 1136 artium
855 1102 959 1136 uno
1004 1088 1226 1150 quodam
1274 1086 1522 1137 societatis
1562 1087 1763 1138 vinculo
1810 1106 1925 1139 con-

254 1165 398 1216 tineri
414 1182 430 1228 3
463 1166 551 1216 ubi
576 1167 710 1216 enim
747 1175 1005 1232 perspecta
1027 1166 1101 1216 vis
1134 1176 1208 1217 est
1240 1167 1442 1217 rationis
1475 1168 1592 1229 eiuS‚
1621 1185 1720 1233 qua
1743 1186 1923 1221 causae

253 1263 418 1297 rerum
462 1257 615 1311 atque
650 1247 807 1298 exitus
842 1257 1227 1312 cognoscuntur,
1260 1248 1412 1298 mirus
1451 1248 1656 1313 quidam
1695 1251 1921 1300 omnium

254 1327 693 1391 quasi'consensus
717 1329 1054 1379 doctrinarum
1089 1338 1464 1394 concentusque
1498 1329 1748 1394 reperitur.
1821 1334 1922 1382 Sed
1948 1346 1997 1375 22

181 1424 232 1469 15
255 1407 297 1458 si
331 1410 430 1459 hoc
464 1426 666 1474 quoque
700 1409 894 1460 videtur
933 1417 1041 1459 e‘sse
1077 1410 1240 1471 altiuS,
1279 1426 1429 1474 quam
1467 1420 1522 1460 ut
1562 1411 1615 1461 id
1652 1428 1744 1461 nos
1782 1412 1923 1462 humi

253 1489 392 1539 strati
425 1489 674 1554 suspicere
708 1489 972 1554 possimuS,
1003 1489 1127 1541 illud
1163 1500 1294 1540 certe
1330 1500 1514 1553 tamen,
1537 1494 1675 1556 quod
1710 1493 1924 1557 amplexi

253 1585 439 1630 sumuS,
466 1571 604 1634 quod
630 1571 944 1634 profitemur,
968 1572 1107 1634 quod
1143 1571 1464 1635 suscepimuS,
1492 1588 1639 1622 nosse
1670 1581 1720 1622 et
1755 1582 1923 1624 tenere

251 1649 508 1700 debemus·
583 1652 703 1701 Una
731 1658 806 1699 est
834 1650 982 1711 enirn,
1010 1652 1149 1715 quod
1182 1660 1232 1701 et
1263 1668 1356 1716 ego
1386 1654 1617 1703 hesterno
1642 1653 1723 1703 die
1747 1654 1849 1704 dixi
1872 1663 1923 1705 et

249 1730 441 1794 aliquot
477 1730 601 1781 locis
638 1731 1032 1782 antemeridiano
1065 1749 1293 1783 sermone
1332 1732 1622 1798 significavit
1654 1736 1922 1799 AntoniuS,

178 1833 229 1862 20
249 1811 547 1875 eloquentia,
597 1828 938 1877 quascumque
985 1813 1036 1862 in
1084 1829 1193 1862 oras
1240 1813 1587 1878 disputationis
1634 1816 1922 1880 regionesve

247 1893 412 1942 delata
435 1902 540 1954 est3
574 1910 692 1943 nam
723 1893 826 1944 sive
854 1895 919 1943 de
947 1894 1071 1944 caeli
1094 1903 1269 1944 natura
1293 1894 1510 1959 loquitur
1533 1896 1635 1946 sive
1659 1899 1724 1948 de
1748 1906 1915 1961 terrae,
1946 1921 1995 1961 23

247 1972 351 2023 sive
373 1974 439 2024 de
461 1974 630 2025 divina
653 1974 702 2025 vi
725 1975 828 2025 sive
851 1977 916 2025 de
941 1977 1174 2037 humana,
1202 1976 1304 2027 sive
1337 1994 1397 2027 ex
1428 1977 1656 2029 inferiore
1679 1981 1792 2031 loco
1817 1982 1919 2032 sive

246 2071 308 2104 ex
330 2071 493 2120 aequo
516 2055 620 2106 sive
643 2073 703 2107 ex
727 2056 990 2121 superiore,
1020 2057 1122 2107 sive
1146 2066 1201 2107 ut
1229 2057 1451 2122 impellat
1483 2059 1711 2110 homines
1737 2061 1840 2111 sive
1863 2072 1919 2113 ut

245 2136 425 2187 doceat
462 2136 564 2188 sive
605 2146 661 2188 ut
701 2139 946 2188 deterreat
984 2137 1087 2190 sive
1126 2148 1181 2188 ut
1217 2139 1435 2190 concitet
1472 2140 1573 2190 sive
1609 2150 1664 2190 ut
1699 2144 1918 2193 reflectat

173 2232 223 2276 25
245 2217 348 2268 sive
371 2227 426 2268 ut
449 2218 685 2269 incendat
703 2219 806 2269 sive
830 2228 884 2269 ut
908 2219 1076 2282 leniat,
1092 2219 1194 2270 sive
1218 2222 1283 2270 ad
1307 2237 1494 2285 paucos
1519 2221 1621 2271 sive
1644 2224 1710 2272 ad
1734 2225 1916 2274 multos

244 2297 348 2348 sive
372 2298 499 2350 inter
520 2299 709 2350 alienos
735 2300 837 2350 sive
861 2317 976 2350 cum
1006 2300 1107 2350 suis
1137 2301 1239 2351 sive
1264 2318 1446 2362 secum,
1475 2302 1587 2351 rivis
1612 2312 1686 2352 est
1711 2303 1917 2355 diducta

244 2379 415 2441 orati0,
453 2397 557 2432 non
589 2382 823 2443 fontibuS,
852 2390 919 2443 et,
950 2399 1270 2448 quocumque
1302 2383 1588 2448 ingreditur,
1624 2386 1803 2435 eodem
1839 2397 1914 2437 est

243 2460 486 2512 instructu
523 2473 801 2528 ornatuque
832 2464 1079 2514 comitata.
1153 2467 1253 2516 Sed
1282 2466 1519 2530 quoniam
1558 2468 1780 2531 oppressi
1812 2468 1911 2518 iam
1939 2489 1991 2529 24

244 2559 415 2594 sumus
440 2543 760 2608 opinionibus
792 2563 895 2596 non
929 2548 1083 2597 modo
1108 2547 1256 2611 vulgi,
1280 2564 1450 2597 verum
1476 2547 1625 2597 etiam
1650 2549 1911 2599 hominum

171 2641 222 2681 30
243 2625 413 2675 leviter
436 2626 754 2688 eruditorum,
781 2628 880 2691 qui,
910 2644 1038 2692 quae
1071 2615 1336 2692 complecti
1361 2637 1465 2678 tota
1489 2638 1761 2692 nequeunt,
1786 2632 1910 2681 haec

243 2704 432 2755 facilius
468 2706 660 2757 divulsa
696 2716 745 2757 et
780 2706 921 2772 quasi
956 2709 1202 2773 discerpta
1237 2717 1561 2771 contrectant,
1586 2719 1635 2759 et
1670 2711 1756 2774 qui
1790 2719 1912 2761 tam-

242 2801 393 2849 quam
433 2786 499 2836 ab
536 2787 705 2836 animo
743 2804 938 2853 corpuS,
974 2789 1044 2839 sic
1082 2807 1111 2838 a
1149 2790 1404 2839 sententiis
1442 2791 1592 2839 verba
1629 2791 1906 2856 seiungunt,

241 2881 454 2930 quorum
493 2867 599 2917 sine
640 2867 838 2918 interitu
877 2869 980 2919 fieri
1016 2878 1246 2919 neutrum
1282 2879 1461 2934 potest,
1502 2887 1604 2920 non
1642 2872 1907 2938 suscipiam

884 3010 911 3049 3
940 3012 1024 3039 una
1043 3013 1126 3039 om.
1150 2999 1260 3040 codd.
