2150 3444
169 1136 211 1164 11

174 1866 220 1894 12

173 2348 222 2387 13

701 166 771 213 M.
811 165 1021 213 TVLLI
1059 164 1440 215 CICERONIS

243 308 387 356 frater
418 314 566 370 atque
595 304 794 370 optime,
822 304 1073 355 rhetoricis
1105 322 1239 353 nunc
1275 304 1573 368 quibusdam
1597 303 1744 365 libris,
1771 320 1897 370 quos

243 395 297 436 tu
341 387 541 451 agrestis
587 395 744 451 putas,
788 385 1021 449 insequor
1067 394 1122 434 ut
1167 385 1419 446 erudiam,
1472 384 1593 449 quid
1639 385 1772 435 enim
1813 395 1898 436 tua

241 477 404 532 potest
439 485 545 518 esse
583 468 803 518 oratione
839 477 924 517 aut
962 466 1187 517 subtilius
1224 475 1309 516 aut
1340 466 1595 516 ornatius?
1662 468 1761 516 Sed
1796 466 1897 517 sive

240 548 436 609 iudicio,
465 558 519 598 ut
554 551 680 599 soles
705 549 882 610 dicere,
910 549 1024 609 sive,
1052 558 1107 598 ut
1138 549 1219 598 ille
1254 557 1391 612 pater
1422 547 1733 612 eloquentiae
1756 549 1821 598 de
1844 563 1897 596 se

243 632 483 680 Isocrates
519 629 709 694 scripsit
744 630 861 694 ipse,
903 632 1093 695 pudore
1134 647 1164 679 a
1199 628 1414 679 dicendo
1449 638 1498 678 et
1533 628 1794 678 timiditate
1828 627 1897 676 in-

241 727 402 775 genua
439 713 653 775 quadam
694 711 924 776 refugisti,
970 711 1084 772 sive,
1128 720 1182 760 ut
1203 710 1324 774 ‘ipse
1361 709 1510 759 iocari
1551 711 1700 770 sole0,
1741 725 1897 759 unum

241 792 423 856 putasti
459 792 574 842 satis
609 809 716 843 esse
755 809 857 842 non
893 794 1046 843 modo
1083 792 1135 840 in
1171 809 1270 841 una
1304 791 1487 840 familia
1522 792 1781 851 rhetorem,
1809 791 1909 840 sed.

241 890 398 936 paene
430 873 482 922 in
514 881 618 923 tota
641 873 849 934 civitate,
877 890 980 923 non
1005 882 1171 922 tamen
1203 871 1409 922 arbitror
1433 871 1523 922 tibi
1547 873 1638 922 hos
1662 871 1813 922 libros
1844 870 1897 920 in

241 971 301 1003 eo
325 956 427 1004 fore
450 971 641 1018 genere,
670 956 805 1018 quod
835 954 1010 1004 merito
1042 962 1241 1018 propter
1272 969 1459 1013 eorum,
1484 951 1570 1016 qui
1601 954 1665 1003 de
1697 951 1897 1002 dicendi

240 1031 427 1084 ratione
463 1034 786 1098 disputarunt,
814 1034 1117 1084 ieiunitatem
1150 1035 1393 1084 bonarum
1427 1033 1604 1082 artium
1639 1032 1798 1097 possit.
1828 1032 1898 1082 in·

239 1114 374 1176 ludi;
408 1114 530 1163 nihil
562 1114 696 1164 enim
725 1114 846 1163 mihi
878 1114 1081 1178 quidem
1120 1114 1312 1164 videtur
1343 1113 1396 1162 in
1429 1113 1592 1165 Crassi
1627 1123 1676 1163 et
1708 1113 1898 1165 Antoni

241 1212 466 1245 sermone
498 1212 604 1245 esse
632 1195 959 1259 praeteritum,
988 1197 1124 1259 quod
1154 1195 1416 1259 quisquam
1445 1193 1650 1245 summis
1665 1193 1896 1258 ingeniis,

239 1276 483 1326 acerrimis
531 1276 717 1336 studiiS,
758 1275 946 1340 optima
983 1276 1220 1337 doctrina,
1265 1275 1480 1325 maximo
1526 1291 1620 1324 usu
1665 1266 1899 1339 cognosci

240 1375 298 1407 ac
338 1356 523 1421 percipi
558 1356 776 1421 potuisse
817 1357 1139 1418 arbitraretur,
1180 1359 1317 1421 quod
1358 1366 1411 1406 tu
1452 1356 1682 1406 facillime
1715 1355 1898 1421 poteris

242 1438 471 1498 iudicare,
500 1437 585 1501 qui
608 1438 920 1502 prudentiam
945 1438 1285 1502 rationemque
1310 1437 1510 1488 dicendi
1534 1454 1621 1501 per
1644 1446 1693 1487 te
1715 1436 1894 1501 ipsum,

243 1537 387 1569 usum
427 1528 593 1569 autem
631 1537 717 1584 per
763 1537 855 1570 nos
901 1519 1151 1584 percipere
1191 1519 1400 1570 voluisti.
1475 1520 1574 1569 Sed
1613 1534 1714 1582 quo
1754 1517 1898 1567 citius

242 1602 352 1661 hoe,
380 1603 515 1665 quod
545 1601 862 1665 suscepimuS,
891 1618 994 1650 non
1018 1601 1267 1651 mediocre
1299 1617 1479 1650 munus
1512 1601 1756 1650 conficere
1789 1616 1899 1664 pos·

242 1682 406 1742 simuS‚
452 1682 633 1731 omissa
679 1692 846 1732 nostra
890 1682 1235 1732 adhortatione
1281 1683 1346 1732 ad
1393 1698 1578 1742 eorum,
1620 1697 1746 1745 quos
1792 1697 1899 1745 pro-

242 1763 511 1828 posuimus,
539 1780 817 1813 sermonem
842 1763 1327 1828 disputationemque
1350 1762 1618 1812 veniamus,

312 1847 515 1894 Postero
539 1843 682 1908 igitur
706 1844 800 1905 die,
823 1861 971 1908 quam
996 1844 1078 1893 illa
1102 1853 1239 1894 erant
1256 1852 1378 1904 acta,
1400 1845 1521 1893 hora
1538 1846 1638 1894 fere
1662 1845 1895 1904 secunda,

244 1942 358 1975 cum
396 1925 543 1975 etiam
579 1934 684 1974 tum
720 1925 771 1973 in
805 1927 934 1974 lecto
973 1927 1178 1975 Crassus
1217 1933 1343 1974 esset
1385 1933 1433 1973 et
1467 1925 1602 1988 apud
1639 1941 1754 1974 eum
1795 1925 1899 1974 Sul-

242 2006 397 2071 picius
434 2008 637 2066 sederet,
665 2006 913 2055 Antonius
948 2015 1122 2055 autem·
1150 2005 1475 2055 inambularet
1511 2022 1626 2054 cum
1664 2006 1813 2056 Cotta
1844 2005 1895 2054 in

242 2087 444 2151 porticu,
483 2095 684 2151 repente
704 2104 780 2139 >eo
817 2089 877 2149 Q.
919 2088 1123 2137 Catulus
1160 2103 1309 2136 senex
1343 2103 1458 2135 cum
1496 2088 1550 2137 C.
1593 2086 1722 2136 Iulio
1753 2088 1897 2136 fratre

241 2167 404 2228 venit,
441 2170 577 2231 quod
601 2168 687 2218 ubi
711 2167 908 2227 audivit,
937 2176 1215 2217 commotus
1242 2170 1446 2219 Crassus
1479 2167 1683 2218 surrexit
1706 2184 1898 2217 omnes-

244 2266 341 2312 que
364 2248 590 2298 admirati
614 2249 849 2298 maiorem
872 2249 1087 2313 aliquam
1112 2266 1218 2299 esse
1243 2267 1441 2299 causam
1461 2267 1632 2300 eorum
1655 2251 1896 2300 adventus

246 2329 476 2394 suspicati
501 2338 626 2379 sunt.
702 2330 802 2392 Qui
826 2347 940 2380 cum
972 2331 1098 2381 inter
1126 2348 1191 2391 se,
1219 2340 1274 2381 ut
1301 2331 1521 2395 ipsorum
1553 2348 1671 2381 usus
1694 2332 1894 2390 ferebat,

243 2411 538 2461 amicissime
574 2414 992 2462 consalutassent:
1042 2412 1190 2476 ‘quid
1222 2430 1308 2462 vos
1345 2414 1612 2462 tandem?'
1694 2413 1899 2463 Crassus

247 2497 257 2517 ‘
277 2510 395 2541 num
421 2493 686 2556 quidnam'
711 2493 869 2556 inquit
892 2498 903 2520 ‘
919 2493 1033 2543 novi
1052 2496 1098 2541 ?'
1141 2498 1152 2519 ‘
1173 2493 1310 2543 Nihil
1335 2495 1483 2553 sane,'
1507 2492 1667 2557 inquit
1693 2494 1898 2544 Catulus

247 2573 459 2622 ‘etenim
497 2574 633 2623 vides
672 2591 778 2624 esse
822 2577 966 2625 ludos
984 2593 997 2635 ;
1038 2577 1271 2624 sed—vel
1307 2584 1360 2624 tu
1396 2592 1487 2624 nos
1523 2573 1717 2638 ineptos
1757 2573 1898 2623 licet'

244 2654 403 2717 inquit
448 2658 549 2705 ‘vel
586 2658 819 2706 molestos
857 2666 1182 2719 putes—cum
1220 2658 1284 2706 ad
1323 2673 1403 2706 me
1440 2655 1492 2704 in
1532 2655 1899 2704 Tusculanum'

246 2735 405 2799 inquit
433 2736 562 2786 ‘heri
586 2737 774 2801 vesperi
799 2738 1012 2787 venisset
1045 2739 1225 2788 Caesar
1249 2740 1312 2787 de
1336 2738 1622 2787 Tusculano
1646 2753 1751 2796 suo,
1777 2735 1900 2786 dixit

300 2879 324 2916 3
354 2873 521 2916 potest.
548 2897 558 2907 .
582 2899 590 2907 .
616 2869 806 2907 ornatius
847 2881 943 2908 esse
974 2869 1115 2919 vulg:
1157 2869 1328 2908 correxit
1351 2867 1408 2908 ed.
1444 2867 1718 2919 Nom'mberg:
1757 2871 1899 2916 potest

246 2934 343 2960 esse
363 2927 434 2960 tua
454 2921 510 2961 ed.
540 2921 667 2961 Venet.
698 2924 809 2971 1488.
909 2924 984 2961 sed
1014 2922 1213 2972 quoniam
1243 2923 1331 2962 sive
1361 2922 1516 2962 iudicio
1537 2935 1654 2962 rem:
1695 2921 1897 2971 quoniam

247 2989 326 3015 om.
346 2991 363 3014 ε
529 2990 554 3026 4
582 2977 695 3016 soles
715 2975 883 3015 Pearce:
914 2977 1032 3015 soleo
1053 2976 1161 3016 codd.

1920 639 1942 680 5

1922 1045 1973 1075 10

1923 1450 1970 1492 15

1910 1857 1973 1886 -20

1921 2261 1970 2302 25

1921 2664 1972 2705 30
