2150 3444
163 174 224 220 23
245 170 294 208 88

781 159 851 207 M.
883 157 1101 207 TVLLI
1139 158 1521 209 CICERONIS

318 312 371 345 se
393 295 546 360 gignit
573 296 772 360 aliquid,
800 298 937 360 quod
972 313 1086 345 cum
1122 295 1370 346 desidiosa
1400 296 1730 348 delectatione
1753 298 1970 364 vestiges.

320 378 397 426 Ita
421 379 486 437 fit,
515 386 569 427 ut
599 377 799 442 agitatio
831 395 991 427 rerum
1026 377 1087 426 sit
1122 376 1324 438 infinita,
1353 376 1570 442 cognitio
1593 377 1759 440 facilis,
1786 381 1836 429 εἰ
1859 396 1976 430 usus

317 457 592 507 doctrinam
639 459 909 518 confirmet,
954 456 1215 507 mediocris
1256 474 1406 521 opera
1444 457 1696 519 tribuatur,
1739 459 1976 510 memoria

317 537 634 602 studiumque
658 546 953 602 permaneat.
1028 537 1174 587 Libet
1197 546 1363 587 autem
1388 554 1582 602 semper
1604 538 1792 588 discere
1807 557 1823 601 3
1857 549 1912 588 ut
1935 539 1975 588 si

315 618 463 668 velim
487 635 579 683 ego
603 618 711 668 talis
746 618 932 683 optime
962 620 1131 669 ludere
1162 628 1247 668 aut
1278 620 1406 683 pilae
1430 619 1595 669 studio
1619 629 1799 680 tenear,
1827 619 1974 670 etiam
1996 638 2021 680 5

315 700 531 760 fortasse,
581 698 621 748 si
666 699 873 763 adsequi
919 715 1021 748 non
1067 699 1282 763 possim3
1339 709 1390 748 at
1436 699 1530 760 alii,
1575 699 1692 764 quia
1730 702 1975 765 praeclare

315 779 512 841 faciunt,
540 779 891 840 vehementius,
932 797 1082 844 quam
1117 770 1264 830 causa
1298 783 1525 844 postulat,
1564 783 1886 843 delectantur,
1919 790 1975 830 ut

242 870 295 923 89
316 859 475 909 Titius
510 859 621 924 pila,
651 862 817 909 Brulla
851 860 973 909 talis.
1048 862 1161 923 Qua
1196 878 1247 910 re
1282 860 1404 909 nihil
1439 869 1513 910 est
1547 863 1684 925 quod
1711 861 1973 926 quisquam

226 1232 292 1282 24

265 1309 290 1336 Ο
313 1260 412 1310 cito
447 1262 672 1326 potuerit,
700 1279 973 1327 numquam
1009 1263 1214 1314 omnino
1249 1264 1404 1328 possit
1437 1265 1743 1330 perdiscere.'
1814 1270 1828 1292 ‘
1848 1268 1968 1329 Iam,

234 1849 284 1890 91

229 2328 280 2371 92

315 939 705 1003 magnitudinem
751 940 928 989 artium
975 958 1034 990 ex
1079 958 1153 1001 e0,
1203 943 1339 1004 quod
1386 958 1527 991 senes
1573 941 1783 1002 discunt,
1833 941 1975 1006 perti-

314 1029 512 1079 mescat,
554 1037 770 1084 namque
810 1029 896 1069 aut
937 1037 1077 1069 senes
1113 1023 1179 1070 ad
1218 1038 1300 1070 eas
1340 1031 1651 1072 accesserunt
1689 1030 1776 1071 aut
1813 1039 1972 1087 usque
1996 1043 2049 1073 10

313 1101 378 1149 ad
403 1109 708 1150 senectutem
731 1099 783 1148 in
806 1098 981 1150 studiis
1005 1098 1287 1150 detinentur
1316 1110 1402 1150 aut
1430 1111 1544 1151 sunt
1566 1101 1860 1164 tardissimi3
1896 1120 1972 1154 res

315 1180 516 1243 quidem
552 1197 605 1230 se
640 1198 752 1230 mea
785 1179 1028 1230 sententia
1063 1180 1133 1230 sic
1167 1182 1331 1242 habet,
1362 1191 1428 1243 ut,
1463 1182 1558 1232 nisi
1592 1183 1730 1247 quod
1763 1182 1974 1248 quisque

312 1342 439 1402 iam‚'
469 1343 629 1408 inquit
662 1345 867 1395 Catulus
897 1343 1170 1408 ‘intellego,
1203 1347 1390 1405 Crasse,
1419 1346 1540 1410 quid
1572 1346 1742 1409 dicas;
1787 1355 1837 1397 et
1868 1349 1972 1398 her-

309 1426 418 1473 cule
459 1424 742 1486 adsentior3
792 1426 906 1474 satis
945 1425 1091 1475 video
1132 1425 1222 1475 tibi
1259 1426 1450 1475 homini
1485 1429 1550 1477 ad
1590 1426 1969 1491 perdiscendum
1995 1445 2044 1488 15

307 1505 544 1555 acerrimo
581 1507 646 1556 ad
687 1523 746 1555 ea
780 1508 1139 1569 cognoscenda,
1178 1524 1305 1571 quae
1342 1507 1478 1568 dicis,
1517 1507 1667 1557 fuisse
1705 1508 1971 1574 temporis.’

311 1589 323 1611 ‘
339 1585 596 1649 Pergisne'
621 1585 780 1650 inquit
807 1587 1011 1637 Crassus
1039 1590 1051 1613 ‘
1069 1604 1166 1650 me,
1191 1605 1318 1652 quae
1349 1588 1532 1650 dicam,
1554 1590 1620 1639 de
1650 1605 1744 1650 me,
1770 1605 1873 1639 non
1905 1590 1970 1640 de

307 1684 358 1716 re
393 1676 564 1730 putare
599 1668 804 1717 dicere?
873 1669 972 1718 Sed
1006 1667 1119 1729 iarn,
1158 1667 1199 1718 si
1237 1672 1413 1735 placet,
1451 1671 1516 1720 ad
1551 1669 1773 1720 instituta
1805 1672 1970 1722 redea-

307 1747 450 1796 mus.'
519 1750 533 1773 ‘
552 1747 681 1795 Mihi
704 1749 846 1797 vero'
873 1749 1079 1798 Catulus
1102 1747 1264 1814 inquit
1286 1753 1300 1776 ‘
1318 1752 1510 1814 placet.’

374 1829 507 1876 Tum
532 1828 738 1878 Crassus
771 1829 1036 1892 ‘quorsum
1069 1826 1215 1893 igitur
1243 1830 1367 1879 haec
1400 1833 1614 1894 spectat'
1646 1830 1807 1896 inquit
1838 1835 1965 1882 ‘tam
1990 1852 2041 1882 20

307 1909 454 1971 longa
485 1917 533 1957 et
565 1917 666 1957 tam
699 1910 796 1957 alte
828 1908 1034 1972 repetita
1065 1908 1257 1959 oratio?
1328 1913 1442 1960 Hae
1473 1914 1603 1961 duae
1633 1922 1812 1977 parteS,
1837 1929 1965 1977 quae

307 1988 428 2036 mihi
453 1998 730 2052 supersunt,
754 1988 1088 2038 inlustrandae
1117 1989 1350 2039 orationis
1380 2007 1438 2040 ac
1470 1992 1621 2041 totius
1652 1992 1964 2056 eloquentiae

306 2071 652 2130 cumulandae,
677 2086 884 2132 quarum
908 2072 1060 2120 altera
1083 2069 1183 2119 dici
1205 2073 1421 2134 postulat
1444 2082 1632 2134 ornate,
1654 2075 1806 2122 altera
1832 2082 1963 2138 apte,

306 2150 434 2198 hanc
481 2149 667 2198 habent
713 2149 830 2211 vim,
871 2158 926 2199 ut
971 2149 1033 2199 sit
1079 2167 1229 2214 quam
1276 2150 1487 2200 maxime
1533 2151 1767 2214 iucunda,
1813 2169 1963 2216 quam

306 2229 517 2278 maxime
563 2229 614 2278 in
662 2246 834 2279 sensus
876 2247 1061 2291 eorum,
1106 2230 1192 2295 qui
1231 2230 1452 2292 audiunt,
1497 2230 1671 2281 influat
1716 2241 1767 2282 et
1813 2249 1963 2297 quam
1987 2251 2048 2293 25.

305 2309 525 2373 plurimis
583 2309 645 2359 sit
702 2310 848 2359 rebus
900 2310 1135 2360 instructa
1151 2329 1165 2372 3
1222 2311 1603 2362 instrumentum
1653 2322 1820 2363 autem
1865 2314 1964 2363 hoc

304 2392 512 2452 forense,
563 2390 845 2454 litigiosum,
896 2408 1024 2454 acre,
1075 2400 1284 2442 tractum
1341 2409 1401 2442 ex
1457 2391 1588 2456 vulgi
1645 2392 1962 2457 opinionibus

304 2470 533 2534 exiguum
563 2488 781 2536 saneque
813 2472 1099 2522 mendicum
1133 2482 1206 2522 est
1223 2491 1238 2534 ,·
1271 2472 1393 2522 illud
1425 2490 1589 2523 rursus
1621 2473 1800 2537 ipsum,
1823 2475 1961 2539 quod

302 2553 500 2600 tradunt
555 2552 648 2612 isti,
699 2553 785 2616 qui
840 2555 1131 2617 profitentur
1181 2571 1234 2603 se
1288 2553 1489 2604 dicendi
1540 2554 1808 2619 magistros,
1857 2572 1959 2604 non

303 2633 512 2680 multum
538 2641 612 2681 est
636 2633 795 2683 maius
819 2651 968 2698 quam
998 2634 1121 2684 illud
1152 2637 1349 2699 vulgare
1379 2652 1439 2684 ac
1466 2637 1689 2685 forense:
1722 2645 1959 2700 apparatu
1981 2655 2035 2695 30

301 2711 445 2760 nobis
470 2729 594 2775 opus
624 2722 697 2762 est
729 2723 778 2763 et
809 2715 956 2764 rebus
988 2715 1254 2779 exquisitis,
1280 2715 1502 2780 undique
1530 2715 1785 2778 conlectis,
1805 2733 1960 2767 arces-

354 2854 379 2879 2
408 2842 580 2891 agitatio
611 2856 751 2882 rerum
772 2843 955 2895 Mueller,
975 2846 1052 2896 qui
1074 2849 1113 2885 et
1136 2846 1170 2886 si
1190 2845 1373 2886 addidit:
1404 2847 1635 2897 agitatione
1655 2859 1797 2887 rerum
1817 2845 1928 2888 codd.
1946 2861 1955 2888 :

299 2896 472 2944 agitatio
495 2909 549 2935 ne
576 2909 714 2936 rerum
733 2898 932 2937 Friedrich
1115 2911 1140 2949 5
1170 2900 1280 2950 pilae
1301 2899 1411 2940 codd.
1435 2915 1444 2940 ι
1474 2901 1557 2951 pila
1575 2899 1731 2953 Stangl
1904 2913 1956 2951 23

243 3000 245 3002 ι
299 2955 447 2988 ornate
467 2962 549 2989 om.
573 2950 610 2987 L
777 2964 827 3001 27
858 2957 1079 2993 tractatum
1099 2952 1137 2991 L
1300 2967 1356 3004 30
1383 2955 1515 2994 multo
1535 2953 1755 2996 Manutius
