2150 3444
772 147 867 196 DE
903 146 1245 197 ORATORE
1316 147 1370 196 II
1811 192 1812 195 ,
1909 160 2016 209 313

0 307 34 339 Ξ
222 284 346 337 mihi
373 302 406 336 a
436 301 489 336 se
518 287 805 336 Scaevolam
838 285 955 335 hinc
987 293 1189 336 euntem
1221 301 1328 335 esse
1357 295 1673 346 conventum,
1700 304 1759 336 ex
1782 303 1884 350 quo

221 366 344 418 mira
380 368 626 432 quaedam
668 383 722 417 se
761 366 961 417 audisse
1002 366 1200 417 dicebat
1216 384 1230 427 3
1279 374 1342 426 te,
1386 382 1535 429 quem
1576 384 1668 430 ego
1703 367 1885 417 totiens

218 447 357 500 omni
380 447 568 499 ratione
600 457 847 514 temptans
879 449 944 498 ad
976 447 1332 512 disputandum
1366 447 1542 497 elicere
1571 464 1673 496 non
1704 448 1886 512 potuis-

217 547 337 592 sem,
380 533 626 596 permulta
664 532 729 580 de
770 529 1055 594 eloquentia
1092 545 1208 579 cum
1247 528 1471 579 Antonio
1509 528 1797 580 disseruisse
1834 539 1885 581 et

169 625 199 668 s
216 620 471 677 tamquam
510 611 563 661 in
604 613 774 661 schola
814 628 969 676 prope
1009 612 1074 661 ad
1117 612 1420 661 Graecorum
1467 611 1883 661 consuetudinem

0 676 29 782 Ξ
214 692 521 759 disputasse:
557 692 626 743 ita
649 710 730 743 me
753 694 900 743 frater
928 692 1144 743 exoravit
1162 709 1226 743 ne
1245 692 1408 758 ipsum
1434 692 1639 758 quidem
1662 710 1693 742 a
1716 693 1882 744 studio
1909 712 1959 753 14

212 774 449 826 audiendi
479 774 626 824 nimis
658 775 1021 835 abhorrentem,
1050 777 1139 825 sed
1171 792 1252 825 me
1284 777 1484 826 hercule
1516 785 1786 838 verentem,
1818 793 1882 827 ne

0 841 38 914 l}
211 856 407 908 molesti
439 855 581 907 vobis
616 855 1039 917 interveniremuS,
1079 866 1134 906 ut
1170 858 1268 907 huc
1305 874 1476 908 secum
1512 856 1768 918 venirem3
1813 867 1896 913 et-=

0 918 27 974 ἵ,
210 937 344 990 enim
379 939 668 989 Scaevolam
691 937 761 988 ita
783 938 949 989 dicere
983 938 1162 999 aiebat,
1190 940 1376 988 bonam
1411 947 1602 1004 partem
1638 939 1879 990 sermonis

137 1043 188 1075 ιο
210 1019 261 1070 in
297 1021 432 1071 hunc
466 1019 602 1071 diem
641 1037 750 1071 esse
788 1019 1006 1071 dilatam.
1097 1023 1215 1070 Hoc
1249 1029 1302 1070 tu
1345 1020 1385 1069 si
1424 1020 1653 1085 cupidius
1691 1022 1878 1071 factum

208 1101 470 1164 existimas,
522 1102 722 1154 Caesari
768 1101 1006 1152 attribues
1033 1120 1047 1163 3
1106 1102 1147 1151 si
1194 1100 1492 1162 familiarius,
1542 1101 1738 1166 utrique
1792 1120 1878 1153 no-

207 1192 361 1234 strum
378 1203 392 1246 3
433 1201 525 1235 nos
550 1184 769 1249 quidem,
796 1183 891 1234 nisi
914 1186 1040 1234 forte
1065 1183 1261 1234 molesti
1286 1182 1654 1243 intervenimuS,
1682 1183 1876 1234 venisse

205 1267 449 1317 delectat.'
518 1268 652 1316 Tum
679 1267 885 1318 Crassus
925 1265 1200 1330 ‘equidem‚
1230 1282 1576 1329 quaecumque
1605 1281 1694 1315 vos
1727 1282 1876 1315 causa

203 1348 302 1398 huc
325 1347 580 1409 attulisset,
603 1350 821 1409 laetarer,
848 1365 963 1398 cum
987 1349 1123 1412 apud
1148 1364 1229 1397 me
1253 1347 1473 1398 viderem
1498 1346 1726 1397 homines
1751 1347 1874 1397 mihi

131 1447 178 1490 15
202 1429 478 1481 carissi-mos
511 1440 560 1480 et
591 1429 917 1480 amicissimos
939 1448 954 1491 3
988 1431 1077 1480 sed
1110 1438 1290 1490 tamen,
1318 1447 1432 1480 vere
1463 1428 1642 1490 dicam,
1670 1429 1872 1493 quaevis

201 1514 400 1563 mallem
424 1512 608 1573 fuisset,
628 1530 779 1577 quam
804 1512 910 1573 ista,
937 1528 1090 1576 quam
1114 1512 1251 1563 dicis.
1326 1515 1435 1576 Ego
1459 1510 1608 1572 enim,
1630 1519 1696 1572 ut,
1719 1528 1870 1575 quem

198 1594 264 1644 ad
311 1595 519 1644 modum
567 1593 742 1655 sentio,
792 1595 980 1659 loquar,
1030 1610 1305 1658 numquam
1347 1592 1470 1642 mihi
1510 1592 1675 1641 minus
1717 1609 1868 1656 quam

198 1676 430 1726 hesterno
454 1674 536 1726 die
561 1674 724 1740 placui
741 1694 755 1737 3
790 1674 945 1740 magis
977 1676 1106 1725 adeo
1134 1674 1187 1725 id
1219 1674 1451 1724 facilitate
1476 1691 1625 1738 quam
1651 1673 1746 1723 alia
1769 1676 1870 1723 ulla

197 1758 344 1822 culpa
378 1773 490 1808 mea
519 1756 739 1821 contigit,
766 1756 866 1821 qui,
898 1758 1021 1807 dum
1053 1757 1304 1821 obsequor
1334 1755 1751 1816 adulescentibuS,
1786 1773 1867 1806 me

122 1855 175 1886 πο
196 1854 368 1890 senem
409 1855 518 1890 esse
560 1855 670 1888 sum
714 1837 897 1888 oblitus
939 1838 1134 1903 fecique
1181 1838 1247 1898 id,
1291 1838 1429 1902 quod
1467 1854 1531 1887 ne
1572 1839 1866 1888 adulescens

195 1919 399 1986 quidem
422 1923 649 1981 feceram,
678 1929 733 1970 ut
764 1919 834 1971 eis
868 1922 932 1971 de
964 1920 1124 1980 rebuS‚
1153 1936 1280 1984 quae
1305 1918 1532 1970 doctrina
1563 1918 1727 1982 aliqua
1752 1936 1867 1970 con-

193 2002 478 2066 tinerentur,
517 2003 835 2068 disputarem.
910 2003 1010 2053 Sed
1048 2004 1145 2053 hoc
1183 2011 1351 2052 tamen
1388 2000 1568 2052 cecidit
1603 2001 1726 2050 mihi
1761 2019 1866 2065 per-

193 2094 484 2150 opportune,
512 2087 651 2150 quod
675 2083 932 2135 transactis
964 2084 1064 2133 iam
1096 2083 1219 2133 meis
1249 2083 1470 2148 partibus
1494 2084 1559 2133 ad
1583 2082 1861 2133 Antonium

189 2166 498 2219 audiendum
557 2167 791 2218 venistis!
896 2169 1030 2216 Tum
1101 2167 1285 2217 Caesar
1346 2169 1357 2191 ‘
1376 2164 1641 2229 equidem,'
1699 2164 1862 2228 inquit
1886 2169 1936 2211 16

120 2260 168 2303 ²⁵
193 2249 412 2310 ‘Crasse‚
451 2249 521 2300 ita
562 2266 672 2299 sum
714 2248 926 2314 cupidus
964 2247 1016 2297 in
1057 2247 1140 2296 illa
1176 2244 1397 2311 longiore
1440 2255 1488 2296 te
1526 2263 1584 2295 ac
1622 2255 1860 2310 perpetua

189 2329 525 2395 disputatione
562 2331 813 2392 audiendi,
856 2340 923 2391 ut,
959 2329 1000 2380 si
1032 2329 1085 2380 id
1127 2328 1250 2378 mihi
1281 2328 1445 2378 minus
1481 2327 1748 2392 contingat,
1781 2330 1859 2378 vel

187 2413 285 2462 hoc
309 2411 402 2462 sim
428 2413 682 2464 cotidiano
719 2423 807 2463 tuo
843 2430 1072 2464 sermone
1104 2419 1399 2472 contentus3
1440 2409 1607 2474 itaque
1640 2410 1858 2473 experiar

186 2493 421 2558 equidem
446 2494 583 2556 illud,
602 2504 657 2544 ut
681 2513 745 2546 ne
771 2495 1017 2559 Sulpicius
1034 2494 1283 2545 familiaris
1308 2510 1450 2544 meus
1474 2501 1559 2542 aut
1579 2493 1728 2543 Cotta
1744 2494 1856 2556 plus

186 2592 337 2639 quam
362 2593 455 2641 ego
485 2578 621 2641 apud
645 2586 694 2627 te
718 2578 878 2627 valere
906 2575 1179 2637 videantur,
1207 2586 1256 2626 et
1289 2585 1337 2626 te
1367 2574 1582 2625 exorabo
1614 2574 1850 2637 profectO,

110 2670 165 2712 30
185 2666 240 2707 ut
263 2657 386 2707 mihi
417 2674 620 2723 quoque
651 2667 701 2708 et
730 2660 911 2709 Catulo
935 2667 1049 2708 tuae
1074 2657 1326 2707 suavitatis
1358 2655 1546 2720 aliquid
1571 2654 1821 2720 impertias
1839 2674 1852 2716 3

1898 1244 1932 1292 4

1900 1319 1946 1360 ¹5

237 2799 263 2837 3
293 2793 508 2839 temptans
526 2802 536 2827 ι
557 2789 620 2828 hic
638 2788 805 2829 redeunt
823 2788 877 2828 M
889 2788 950 2840 (=
971 2787 1040 2842 H)
1056 2801 1099 2828 m
1114 2786 1177 2840 (=
1199 2787 1306 2840 Lag.
1325 2787 1396 2839 36)
1525 2799 1572 2836 17
1603 2785 1783 2828 sentiam
1805 2799 1849 2824 m

186 2843 236 2881 18
264 2844 400 2894 magis
420 2843 530 2884 codd.
553 2857 561 2883 τ
593 2844 660 2883 cui
680 2844 816 2894 magis
837 2843 1008 2883 Muther
1157 2856 1210 2894 23
1238 2842 1429 2893 partibus
1449 2842 1560 2893 vulg.
1580 2856 1588 2881 z
1618 2841 1780 2880 artibus
1800 2841 1854 2879 M

181 2909 234 2948 25
264 2903 307 2937 et
328 2898 387 2937 ita
406 2897 461 2937 M
622 2901 676 2938 26
704 2899 771 2938 vel
791 2899 871 2938 hoc
891 2897 974 2938 Le:
1010 2897 1078 2937 vel
1098 2903 1144 2937 ut
1163 2898 1245 2937 hoc
1267 2896 1322 2935 M
1483 2898 1537 2936 28
1566 2895 1669 2936 illud
1691 2908 1773 2935 om.
1799 2895 1848 2934 M

181 2957 225 2992 et
244 2965 300 2992 ne
319 2951 371 2991 H
532 2966 587 3005 29
613 2954 840 2993 videantur
860 2952 897 2991 L
916 2967 926 2993 t
954 2954 1103 2993 videar
1121 2951 1192 2993 H:
1223 2952 1419 2992 videatur
1440 2963 1530 2991 recc.
