2150 3444
785 131 880 179 DE
916 128 1258 179 ORATORE
1330 132 1384 179 11
1938 145 2004 197 ⁷4
2023 154 2106 195 ,00

250 268 475 320 acerrimi
497 267 678 333 ingeni,
709 283 860 332 quam
888 276 1066 332 potens
1099 275 1149 317 et
1172 274 1358 331 quanta
1390 283 1532 316 mens
1557 268 1742 318 fuerit?
1813 269 1914 332 Qui

252 350 322 400 ita
338 350 660 415 responderit,
682 358 737 400 ut
760 349 1042 413 intellegere
1066 364 1327 412 possemus
1352 347 1476 396 nihil
1501 366 1561 398 ex
1584 348 1713 398 illius
1729 349 1911 411 anim0,

251 433 391 495 quod
414 433 568 482 semel
593 440 721 481 esset
745 431 975 490 infusum,
1005 446 1244 494 umquam
1277 430 1476 479 effluere
1509 430 1730 494 potuisse
1750 449 1764 493 3
1799 448 1915 480 cum

253 511 457 576 quidem
504 511 550 561 ei
596 511 739 561 fuerit
786 510 1052 576 optabilius
1100 510 1324 560 oblivisci
1372 527 1520 575 posse
1567 511 1731 575 potius
1779 514 1917 576 quod

205 608 231 651 5
254 592 537 642 meminisse
583 594 738 642 nollet
790 608 940 655 quam
990 593 1129 655 quod
1181 593 1337 641 semel
1386 591 1605 642 audisset
1654 593 1918 644 vidissetve

254 672 549 724 meminisse.
622 674 722 722 Sed
740 689 903 735 neque
927 681 1126 736 propter
1148 672 1247 721 hoc
1271 672 1599 722 Themistocli
1625 691 1917 738 responsum

252 753 518 804 memoriae
543 752 688 802 nobis
717 769 868 817 opera
891 754 1061 802 danda
1084 769 1188 802 non
1213 761 1288 802 est
1319 770 1486 817 neque
1511 754 1594 803 illa
1618 772 1730 805 mea
1754 755 1918 805 cautio

250 842 301 885 et
323 833 560 884 timiditas
582 834 636 882 in
660 833 821 883 causis
846 843 1048 898 propter
1063 844 1397 900 praestantem
1418 838 1733 902 prudentiam
1754 837 1919 889 Crassi

248 917 558 980 neglegenda
604 922 713 975 est;
763 923 973 980 uterque
1019 915 1153 966 enim
1201 916 1409 968 istorum
1448 935 1552 967 non
1591 918 1713 967 mihi
1755 918 1918 968 attulit

178 1013 231 1046 ιο
248 996 480 1062 aliquam,
521 997 610 1047 sed
651 1012 792 1046 suam
835 996 1127 1061 significavit
1174 999 1472 1049 facultatem.
1572 1000 1771 1050 Etenim
1813 1017 1918 1065 per·
1941 1019 2020 1062 301

249 1080 408 1130 multa
447 1086 564 1128 sunt
598 1077 651 1128 in
692 1077 852 1143 causis
894 1077 946 1128 in
988 1079 1126 1128 omni
1172 1090 1310 1143 parte
1351 1081 1587 1131 orationis
1634 1082 1917 1147 circumspi-

250 1160 442 1222 cienda,
468 1177 532 1210 ne
556 1158 678 1224 quid
703 1161 942 1222 offendas,
970 1178 1034 1211 ne
1058 1178 1161 1225 quo
1185 1161 1351 1212 inruas
1375 1181 1385 1211 :
1423 1180 1570 1227 saepe
1600 1163 1751 1227 aliqui
1777 1163 1915 1213 testis

249 1251 338 1293 aut
359 1258 464 1292 non
485 1240 638 1293 laedit
671 1250 758 1292 aut
792 1241 956 1292 minus
991 1242 1161 1305 laedit,
1186 1243 1280 1297 nisi
1315 1246 1617 1307 lacessatur3
1653 1254 1760 1295 orat
1788 1262 1913 1305 reus,

251 1331 428 1388 urgent
460 1323 704 1384 advocati,
743 1332 798 1374 ut
833 1323 1142 1386 invehamur,
1177 1333 1232 1374 ut
1268 1327 1397 1375 male
1432 1326 1671 1387 dicamuS,
1699 1325 1918 1390 denique

176 1424 228 1466 15
251 1414 308 1455 ut
341 1404 729 1470 interrogemus:
754 1407 756 1410 ”
778 1422 883 1455 non
917 1422 1138 1467 moveor,
1172 1423 1276 1456 non
1312 1407 1619 1473 obtempero,
1658 1424 1762 1457 non
1800 1407 1917 1456 satis

248 1486 378 1538 facio
397 1504 412 1548 3
446 1503 610 1551 neque
634 1495 801 1537 tamen
826 1488 978 1536 ullam
996 1488 1244 1551 adsequor
1268 1490 1467 1538 laudem
1486 1507 1500 1550 3
1529 1488 1758 1538 homines
1782 1487 1916 1538 enim

248 1567 463 1633 imperiti
507 1567 697 1618 facilius
746 1570 885 1632 quod
935 1570 1083 1618 stulte
1131 1568 1309 1619 dixeris
1359 1571 1718 1634 reprehendere
1765 1586 1916 1634 quam

247 1651 388 1714 quod
420 1648 667 1712 sapienter
694 1649 906 1699 tacueris
936 1651 1137 1699 laudare
1169 1659 1391 1714 possunt.
1465 1651 1569 1701 Hic
1593 1660 1836 1716 quantum
1861 1651 1916 1699 fit
1939 1670 2018 1710 302

249 1730 380 1791 mali,
409 1729 450 1780 si
472 1730 669 1792 iratum,
687 1730 728 1780 si
752 1747 856 1780 non
880 1732 1104 1792 stultum,
1118 1731 1159 1780 si
1184 1748 1286 1781 non
1312 1733 1472 1782 levem
1492 1741 1671 1784 testem
1694 1731 1916 1782 laeseris!

174 1831 229 1862 20
250 1812 424 1862 Habet
459 1811 594 1862 enim
618 1820 668 1862 et
691 1813 998 1862 voluntatem
1033 1812 1251 1861 nocendi
1287 1811 1339 1861 in
1374 1812 1629 1863 iracundia
1653 1823 1702 1863 et
1726 1800 1827 1863 vim
1863 1813 1915 1862 in

247 1892 449 1958 ingenio
473 1902 523 1943 et
546 1894 745 1958 pondus
770 1892 821 1941 in
846 1892 957 1942 vita.
1032 1895 1081 1943 N
1086 1910 1155 1953 ec,
1195 1893 1236 1942 si
1271 1894 1370 1943 hoc
1404 1895 1610 1944 Crassus
1647 1911 1750 1944 non
1783 1912 1916 1945 com-

244 1973 411 2036 mittit,
437 1973 553 2026 ideo
584 1991 690 2025 non
719 1973 862 2023 multi
898 1983 947 2025 et
979 1990 1128 2038 saepe
1161 1974 1492 2025 committunt.
1568 1977 1685 2038 Quo
1710 1967 1914 2039 quidem

195 2117 199 2121 ⁴
247 2055 371 2107 mihi
393 2055 583 2122 turpius
606 2055 762 2106 videri
785 2055 908 2105 nihil
937 2058 1079 2117 solet,
1103 2073 1255 2121 quam
1287 2058 1426 2120 quod
1458 2073 1518 2105 ex
1550 2057 1754 2107 oratoris
1778 2057 1915 2108 dicto

247 2137 417 2202 aliquo
439 2146 526 2187 aut
547 2154 788 2201 responso
810 2147 897 2187 aut
920 2146 1091 2202 rogato
1116 2155 1279 2188 sermo
1303 2137 1386 2188 ille
1410 2138 1650 2202 sequitur:
1680 2138 1915 2189 ‘occidit'

173 2236 225 2279 25
252 2218 765 2274 ‘Adversariumne?'
828 2221 1025 2269 ‘Immo
1061 2237 1177 2270 vero
1196 2222 1207 2244 '
1232 2219 1371 2269 aiunt
1399 2222 1481 2269 ‘se
1517 2229 1567 2269 et
1601 2237 1731 2280 eum,
1759 2236 1910 2283 quem

246 2299 502 2351 defendit.’
585 2302 705 2350 Hoc
743 2301 948 2351 Crassus
990 2317 1093 2350 non
1130 2310 1271 2364 putat
1312 2300 1406 2350 nisi
1444 2300 1650 2365 perfidia
1683 2300 1908 2352 accidere
1931 2274 1997 2380 ⁷05

245 2397 429 2446 posse3
463 2399 558 2446 ego
587 2390 757 2432 autern
793 2380 1079 2447 saepissime
1112 2381 1259 2433 video
1292 2382 1343 2431 in
1373 2382 1533 2432 causis
1565 2381 1753 2446 aliquid
1791 2382 1909 2432 mali
1930 2352 1955 2394 3
1988 2351 2014 2392 3

245 2463 408 2515 facere
441 2463 670 2514 homines
708 2462 912 2513 minime
948 2465 1118 2513 malos.
1211 2463 1366 2526 Quid,
1407 2463 1544 2526 illud,
1589 2465 1727 2528 quod
1765 2480 1913 2529 supra

245 2542 362 2605 dixi,
389 2545 546 2594 solere
569 2561 652 2595 me
680 2545 858 2594 cedere
881 2552 948 2605 et,
972 2553 1026 2594 ut
1058 2544 1252 2608 planius
1285 2544 1464 2606 dicam,
1492 2546 1660 2609 fugere
1684 2562 1759 2607 ea,
1784 2562 1915 2610 quae

170 2642 227 2687 30
247 2626 392 2676 valde
430 2641 633 2676 causam
672 2641 835 2675 meam
874 2635 1166 2690 premerent,
1206 2642 1322 2675 cum
1369 2625 1421 2676 id
1463 2642 1566 2676 non
1609 2626 1796 2677 faciunt
1830 2626 1913 2677 alii

143 2135 174 2165 l

301 2750 357 2793 M
371 2772 407 2787 =
427 2752 568 2794 AEH
746 2767 765 2793 1
797 2754 869 2804 qui
888 2784 900 2795 .
922 2784 933 2795 .
958 2785 967 2794 .
989 2754 1102 2795 itarit
1140 2760 1187 2794 ut
1217 2754 1470 2805 intellegere
1502 2768 1581 2806 pos
1604 2786 1614 2797 .
1634 2786 1644 2796 .
1669 2785 1681 2798 .
1702 2758 1845 2797 animo
1864 2755 1918 2796 M

246 2807 362 2859 (cum
379 2808 557 2862 lacunas)
713 2821 740 2859 3
770 2809 944 2849 effluere
963 2809 1077 2862 vulg.
1101 2824 1111 2848 :
1138 2810 1308 2849 efficere
1328 2808 1433 2862 My:
1463 2811 1652 2861 effugere
1673 2824 1718 2852 m
1885 2823 1911 2862 5

246 2861 352 2903 nolit
369 2861 424 2902 M
558 2875 607 2913 14
636 2869 709 2903 aut
730 2863 838 2903 male
857 2860 913 2902 M
1050 2864 1102 2904 16
1129 2863 1287 2903 nullam
1308 2862 1362 2902 M
1490 2878 1545 2905 20
1573 2865 1619 2904 in
1641 2865 1734 2917 (bis)
1756 2879 1839 2908 om.
1863 2865 1917 2907 M

245 2921 295 2956 2'1
327 2921 371 2957 et
391 2946 402 2957 .
429 2947 440 2958 .
464 2947 476 2958 .
507 2916 594 2958 vita
611 2914 668 2956 M
683 2918 800 2970 (cum
820 2917 990 2971 lacuna)
1120 2930 1173 2969 23
1202 2918 1315 2971 quod
1335 2914 1390 2957 M
1399 2932 1409 2958 z
1442 2932 1538 2959 cum
1564 2919 1602 2959 L
1622 2919 1735 2972 vu&
1858 2934 1910 2971 24

245 2975 397 3022 rogatu
416 2970 471 3010 M
484 2971 597 3025 vulg.
618 2986 628 3014 z
658 2976 807 3023 rogato
826 2985 916 3014 rece.
