2150 3444
131 169 214 219 ’50
230 177 306 220 ¹95

232 537 308 591 196

791 150 862 204 Μ.
900 150 1110 204 TVLLI
1148 145 1533 206 CICERONIS

333 292 503 355 menti,
522 303 627 343 tum
653 296 807 343 multo
833 295 1102 344 ostendunt
1121 293 1273 357 magis
1298 293 1349 342 in
1372 294 1650 356 verborum,
1669 309 1986 345 numerorum

331 390 612 437 vocumque
659 374 843 424 iudicio
862 392 875 435 ς
917 376 1054 438 quod
1092 391 1151 423 ea
1197 383 1311 423 sunt
1351 373 1403 423 in
1443 373 1793 425 communibus
1837 374 1988 424 infixa

333 453 558 503 sensibus
585 471 677 503 nec
702 471 869 503 earum
893 471 1054 503 rerum
1084 467 1387 518 quemquam
1415 453 1638 504 funditus
1671 463 1845 504 natura
1879 471 1987 504 esse

332 532 488 583 voluit
533 544 794 598 expertem.
893 536 1069 598 Itaque
1110 551 1212 583 non
1259 536 1421 583 solum
1466 533 1628 584 verbis
1672 543 1776 584 arte
1815 533 1987 598 positis

334 623 593 663 moventur
611 631 801 676 omnes,
816 632 986 664 verum
1002 614 1151 664 etiam
1174 615 1391 664 numeris
1415 614 1717 668 acvocibuS.
1789 616 1988 677 Quotus
2010 627 2034 670 5

332 694 467 743 enim
500 694 709 759 quisque
747 705 821 744 est
858 695 944 759 qui
983 704 1148 745 teneat
1181 705 1337 744 artem
1372 692 1691 745 numerorum
1725 711 1784 744 ac
1819 695 1989 745 modo-

335 778 481 824 rum?
557 778 630 824 At
675 775 727 825 in
768 775 837 825 eis
879 775 920 825 si
965 777 1168 840 paulum
1215 778 1370 827 modo
1410 778 1654 826 offensum
1691 785 1779 836 est,
1816 784 1871 825 ut
1904 783 1990 825 aut

335 855 673 906 contractione
704 855 898 905 brevius
923 857 1059 905 fieret
1082 865 1167 905 aut
1201 855 1528 920 productione
1559 855 1770 920 longius,
1799 856 1991 905 theatra

336 946 440 987 tota
475 939 756 986 reclamant.
846 937 1001 999 Quid,
1038 939 1136 986 hoc
1173 954 1275 987 non
1315 937 1451 987 idem
1491 939 1546 987 fit
1585 937 1637 986 in
1677 936 1897 998 vocibus,
1934 945 1991 987 ut

290 1067 312 1101 1
335 1035 366 1066 a
389 1017 704 1067 multitudine
724 1027 772 1067 et
790 1020 977 1081 populo
1001 1034 1103 1067 non
1122 1020 1276 1068 modo
1298 1027 1522 1069 catervae
1537 1027 1687 1082 atque
1701 1027 1986 1077 concentuS,
2015 1036 2065 1067 10

236 1138 312 1184 Ι97

239 2157 315 2210 198

336 1099 425 1147 sed
449 1097 598 1147 etiam
621 1097 715 1161 ipsi
742 1097 837 1147 sibi
861 1097 1038 1162 singuli
1061 1097 1714 1162 discrepanteseicianturP'
1761 1097 1992 1148 Mirabile

336 1188 427 1240 est,
465 1195 581 1228 cum
627 1177 892 1242 plurimum
934 1177 985 1227 in
1032 1178 1261 1228 faciendo
1301 1177 1490 1229 intersit
1535 1178 1663 1228 inter
1697 1179 1903 1229 doctum
1942 1185 1993 1228 et

336 1261 527 1321 rudem,
552 1276 702 1323 quam
727 1276 830 1309 non
854 1261 1066 1308 multum
1091 1259 1281 1309 differat
1304 1259 1356 1308 in
1387 1258 1668 1311 iudicando.
1739 1260 1835 1309 Ars
1859 1257 1992 1308 enim

337 1358 452 1390 cum
487 1357 517 1389 a
551 1349 724 1389 natura
758 1341 979 1404 profecta
1013 1339 1088 1400 sit,
1123 1339 1218 1389 nisi
1242 1348 1415 1389 natura
1443 1349 1638 1389 moveat
1668 1356 1728 1389 ac
1762 1341 1988 1399 delectet,

322 1421 460 1471 ‘nihil
494 1438 612 1471 sane
642 1419 798 1484 egisse
829 1419 1053 1470 videatur
1069 1438 1084 1481 3
1117 1419 1240 1469 nihil
1263 1429 1347 1481 ‘est
1383 1429 1548 1470 autem
1587 1429 1689 1469 tam
1724 1428 1990 1484 cognatum
2015 1439 2063 1483 ¹5

334 1501 586 1552 mentibus
633 1501 811 1551 nostris
858 1517 1009 1565 quam
1042 1500 1249 1555 &numeri
1294 1510 1445 1565 atque
1489 1517 1637 1551 voces
1653 1519 1667 1562 3
1715 1500 1897 1565 quibus
1941 1508 1992 1550 et

336 1583 605 1634 excitamur
629 1592 677 1632 et
701 1582 1012 1632 incendimur
1035 1591 1084 1631 et
1118 1582 1329 1632 lenimur
1364 1591 1413 1632 et
1448 1581 1810 1647 languescimus
1835 1590 1895 1632 -et
1927 1582 1994 1632 ad

336 1665 629 1714 hilaritatem
671 1673 720 1713 et
754 1665 819 1714 ad
850 1663 1094 1712 tristitiam
1126 1680 1274 1728 saepe
1308 1663 1602 1714 deducimur
1617 1681 1632 1725 3
1667 1680 1878 1728 quorum
1912 1662 1996 1712 illa

337 1763 531 1796 summa
553 1745 625 1794 vis
650 1744 948 1794 carminibus
977 1753 1051 1794 est
1080 1745 1241 1810 aptior
1274 1753 1324 1795 et
1355 1744 1599 1806 cantibus,
1628 1761 1734 1795 non
1755 1746 1992 1809 neglecta,

337 1835 392 1876 ut
433 1826 554 1875 mihi
590 1825 795 1886 videtur,
844 1842 875 1874 a
921 1827 1089 1875 Numa
1133 1843 1246 1890 rege
1292 1825 1582 1876 doctissimo
1628 1825 1995 1890 maioribusque
2019 1844 2071 1875 ιο

337 1906 529 1967 nostriS,
557 1915 611 1954 ut
635 1907 888 1970 epularum
915 1905 1228 1954 sollemnium
1254 1907 1377 1956 fides
1401 1922 1459 1955 ac
1479 1905 1629 1955 tibiae
1653 1905 1995 1969 Saliorumque

338 2003 505 2036 versus
529 1985 780 2047 indicant,
814 1985 1028 2035 maxime
1058 1995 1225 2035 autem
1248 2003 1279 2035 a
1303 1985 1510 2036 Graecia
1536 1995 1700 2035 vetere
1734 1986 1990 2035 celebrata.

340 2066 536 2130 Quibus
571 2066 760 2116 utinam
798 2065 1139 2130 similibusque
1179 2068 1245 2116 de
1285 2067 1430 2116 rebus
1471 2065 1710 2131 disputari
1744 2082 1895 2130 quam
1929 2067 1995 2116 de

339 2146 606 2211 puerilibus
625 2148 701 2195 his
724 2147 986 2196 verborum
1002 2146 1402 2196 translationibus
1427 2146 1720 2210 maluissetis
1740 2150 1750 2196 !
1807 2148 1995 2196 Verum

339 2237 394 2276 ut
427 2227 478 2276 in
514 2244 655 2277 versu
690 2229 880 2292 vulgus,
917 2226 957 2276 si
992 2236 1066 2277 est
1094 2237 1368 2292 peccatum,
1406 2227 1554 2288 videt,
1587 2227 1674 2289 sic,
1712 2226 1753 2276 si
1787 2226 1909 2291 quid
1943 2226 1995 2276 in
2021 2248 2068 2289 25

339 2318 506 2359 nostra
540 2308 761 2358 oratione
796 2308 1055 2369 claudicat,
1093 2309 1241 2360 sentit
1257 2327 1270 2371 3
1306 2311 1395 2359 sed
1427 2317 1605 2373 poetae
1635 2325 1739 2358 non
1770 2307 1993 2372 ignoscit,

339 2390 485 2440 nobis
526 2390 785 2440 concedit:
821 2389 956 2440 taciti
991 2400 1158 2440 tamen
1195 2408 1368 2441 omnes
1404 2407 1507 2440 non
1542 2407 1650 2440 esse
1684 2389 1820 2451 illud,
1857 2391 1995 2454 quod

339 2471 564 2533 diximus,
592 2481 763 2536 aptum
788 2474 1160 2536 perfectumque
1186 2480 1406 2521 cernunt.
1480 2473 1657 2536 Itaque
1686 2470 1756 2520 illi
1790 2479 1992 2532 veteres,

340 2552 466 2602 sicut
502 2553 654 2604 hodie
693 2553 842 2604 etiam
883 2570 987 2603 non
1026 2555 1190 2603 nullos
1225 2552 1464 2614 videmuS,
1502 2569 1616 2602 cum
1653 2550 1911 2601 circuitum
1945 2560 1999 2622 et-

397 2681 451 2721 M
467 2702 501 2716 =
521 2681 659 2721 ΑΕΗ
928 2695 946 2721 1
979 2688 1065 2722 tum
1086 2683 1217 2722 multo
1250 2682 1361 2734 vulg.
1384 2688 1410 2722 τ’
1435 2694 1517 2722 om.
1537 2694 1582 2721 m
1600 2695 1610 2720 ε
1653 2686 1742 2721 tum
1761 2680 1936 2721 multum
1954 2678 1993 2719 L

342 2737 607 2776 ostenderint
627 2736 664 2775 L
854 2737 984 2777 verbo
1005 2736 1058 2775 M
1243 2750 1269 2788 3
1298 2749 1439 2776 rerum
1465 2749 1547 2775 om.
1570 2734 1625 2773 M
1809 2746 1832 2784 7
1861 2735 1906 2774 in
1925 2734 1995 2774 his

343 2790 429 2829 Lm
609 2805 660 2831 10
689 2797 923 2831 conventus
941 2790 1036 2829 EeL
1218 2804 1263 2830 11
1295 2790 1473 2841 singulis
1493 2788 1547 2827 M
1721 2801 1770 2838 14
1799 2802 1824 2829 a
1842 2801 1925 2829 om.
1945 2786 2000 2826 M

345 2850 534 2884 naturam
555 2844 591 2883 L
788 2858 835 2895 17
866 2845 1150 2884 exercitamur
1169 2843 1259 2883 HA
1454 2843 1647 2883 limamur
1664 2841 1718 2881 M
1941 2855 1995 2882 20

345 2899 571 2937 maioribus
595 2904 641 2938 ut
667 2898 719 2937 M
877 2911 930 2949 23
959 2900 1013 2939 de
1037 2912 1120 2939 om.
1154 2898 1207 2937 M
1366 2910 1416 2948 27
1447 2898 1573 2938 tacite
1595 2895 1634 2935 L
1662 2896 1772 2949 vulg.
1941 2908 1996 2947 29

344 2954 541 2992 circulum
562 2953 615 2991 M
