2150 3444
135 197 201 246 34
224 202 300 247 154
783 186 853 234 M.
892 184 1101 232 TVLLI
1139 182 1520 233 CICERONIS

324 320 494 387 ipsam,
529 339 679 387 quam
715 322 953 387 legissem,
994 321 1152 372 verbis
1193 320 1298 370 aliis
1337 337 1486 384 quam
1527 318 1737 371 maxime
1773 317 1975 386 possem

323 402 474 464 leeti5‚
502 403 899 468 pronuntiarem3
934 404 1022 453 sed
1054 411 1165 467 post
1194 400 1515 451 animadverti
1544 402 1641 451 hoc
1669 418 1775 452 esse
1802 401 1853 451 in
1877 403 1975 452 hoc

320 483 421 544 viti,
449 486 586 548 quod
614 503 672 534 ea
695 485 855 545 verba,
878 501 1004 548 quae
1029 484 1238 533 maxime
1264 482 1501 546 cuiusque
1525 483 1592 532 rei
1621 482 1815 547 propria
1831 499 1977 548 quae-

323 570 420 628 'que
445 575 608 615 essent
633 565 940 616 ornatissima
963 575 1110 629 atque
1135 564 1335 628 optima,
1358 572 1647 628 occupasset
1664 572 1747 613 aut
1767 562 1972 624 Ennius,

325 644 364 695 si
399 647 463 696 ad
499 645 602 696 eius
637 663 803 696 versus
836 663 916 695 me
948 663 1235 706 exercerem,
1262 654 1347 694 aut
1377 646 1642 705 Gracchus,
1673 643 1714 694 si
1741 642 1846 694 eius
1874 661 1976 694 ora-
1996 660 2023 702 5

321 725 510 776 tionem
535 725 656 775 mihi
679 729 803 777 forte
826 726 1190 791 proposuissem
1211 746 1219 776 :
1256 726 1335 786 ita,
1358 725 1398 776 si
1417 725 1603 776 eisdem
1622 725 1782 776 verbis
1799 735 1974 787 uterer,

325 807 445 856 nihil
476 809 710 871 prodesse
726 827 741 869 3
781 808 821 857 si
858 807 977 869 aliis,
1009 808 1156 858 etiam
1198 808 1387 867 obesse,
1428 824 1542 856 cum
1580 805 1743 856 minus
1783 805 1976 856 idoneis

221 904 294 945 155
323 888 394 937 uti
431 905 816 939 consuescerem.
891 891 1068 938 Postea
1109 888 1228 937 mihi
1269 887 1465 951 placuit,
1506 904 1666 952 eoque
1707 882 1816 936 sum
1857 902 1975 936 usus

321 970 625 1029 adulescens,
660 978 714 1018 ut
750 986 1054 1019 summorum
1091 978 1337 1019 oratorum
1371 970 1583 1018 Graecas
1617 967 1864 1018 orationes
1899 984 1975 1017 ex-

322 1049 568 1112 plicarem,
600 1050 779 1113 quibus
817 1050 955 1100 lectis
991 1052 1087 1100 hoc
1125 1051 1444 1114 adsequebar‚
1482 1059 1550 1110 ut,
1588 1067 1703 1099 cum
1741 1065 1812 1110 ea,
1846 1065 1975 1112 quae

321 1131 532 1193 legeram
558 1132 758 1190 Graece,
787 1130 961 1180 Latine
984 1132 1254 1191 redderem,
1281 1147 1383 1180 non
1409 1132 1568 1180 solum
1593 1129 1791 1194 optimis
1814 1129 1974 1180 verbis

318 1219 480 1260 uterer
520 1221 568 1261 et
609 1221 774 1261 tamen
812 1212 1014 1274 usitatis,
1057 1214 1145 1263 sed
1186 1212 1333 1262 etiam
1372 1211 1691 1277 exprimerem
1729 1214 1973 1277 quaedam

321 1293 469 1342 verba
497 1291 751 1353 imitando,
778 1309 905 1356 quae
929 1310 1058 1343 nova
1081 1293 1258 1344 nostris
1283 1303 1460 1355 essent,
1488 1295 1608 1344 dum
1633 1295 1786 1344 modo
1810 1301 1975 1343 essent

219 1383 296 1436 156
321 1371 513 1422 idonea.
588 1375 696 1423 Iam
734 1374 867 1424 vocis
906 1384 954 1423 et
992 1373 1185 1438 spiritus
1224 1383 1273 1424 et
1310 1374 1459 1424 totius
1498 1374 1714 1439 corporis
1741 1383 1791 1424 et
1821 1373 1974 1438 ipsius

320 1453 514 1518 linguae
539 1464 702 1504 motus
727 1465 775 1506 et
800 1455 1168 1505 exercitationes
1194 1472 1293 1505 non
1320 1464 1421 1504 tam
1445 1455 1558 1505 artis
1583 1454 1805 1518 indigent
1824 1471 1974 1520 quam

320 1535 530 1597 labori53
565 1535 745 1600 quibus
779 1536 830 1585 in
862 1536 1007 1585 rebus
1040 1536 1271 1586 habenda
1299 1545 1373 1586 est
1401 1535 1524 1586 ratio
1553 1535 1822 1599 diligenter,
1849 1552 1974 1600 quos

318 1615 578 1677 imitemur,
623 1634 834 1681 quorum
876 1616 1057 1667 similes
1099 1617 1305 1667 velimus
1346 1635 1465 1667 esse.
1554 1616 1789 1668 Intuendi
1829 1616 1974 1667 nobis

319 1706 433 1746 sunt
458 1715 560 1747 non
586 1700 746 1748 solum
772 1707 1000 1758 oratores,
1023 1699 1111 1748 sed
1136 1698 1283 1748 etiam
1308 1708 1510 1758 actores,
1532 1715 1596 1748 ne
1620 1700 1749 1747 mala
1773 1715 1975 1748 consue-

319 1778 491 1828 tudine
529 1781 594 1828 ad
630 1779 846 1844 aliquam
885 1779 1244 1830 deformitatem
1279 1779 1666 1843 pravitatemque
1702 1778 1969 1828 veniamus.

218 1874 293 1916 157
321 1861 609 1910 Exercenda
642 1869 715 1910 est
744 1860 891 1910 etiam
925 1859 1161 1910 memoria
1188 1860 1466 1910 ediscendis
1494 1862 1559 1910 ad
1591 1860 1795 1910 verbum
1823 1877 1974 1924 quam

319 1939 539 2004 plurimis
573 1950 621 1989 et
653 1941 829 1991 nostris
860 1941 1048 2004 scriptis
1081 1950 1129 1991 et
1161 1941 1331 1991 alienis
1349 1959 1362 2003 3
1396 1950 1545 2005 atque
1576 1940 1628 1990 in
1660 1949 1719 1990 ea
1749 1940 1975 1990 exercita-

319 2021 454 2071 tione
490 2039 591 2071 non
629 2039 745 2071 sane
781 2022 901 2071 mihi
937 2022 1162 2086 displicet
1190 2022 1438 2082 adhibere,
1466 2022 1506 2071 si
1535 2021 1799 2082 consueris,
1826 2020 1973 2071 etiam

319 2102 462 2151 istam
510 2104 731 2152 locorum
781 2103 1249 2167 simulacrorumque
1295 2103 1548 2164 rationem,
1598 2119 1725 2167 quae
1773 2102 1825 2153 in
1871 2111 1975 2151 arte

318 2183 531 2233 traditur.
608 2186 882 2234 Educenda
928 2184 1109 2234 deinde
1156 2185 1307 2235 dictio
1354 2193 1428 2234 est
1468 2201 1527 2234 ex
1566 2186 1661 2234 hac
1690 2182 1975 2234 >domestica

318 2264 662 2315 exercitatione
699 2275 746 2315 et
782 2266 1028 2315 umbratili
1065 2266 1285 2316 medium
1318 2266 1368 2314 in
1400 2282 1591 2330 agmen,
1622 2265 1674 2314 in
1705 2267 1971 2329 pulverem,

317 2347 368 2395 in
394 2349 673 2407 clamorem,
692 2346 742 2395 in
768 2357 923 2396 castra
946 2357 1094 2411 atque
1119 2347 1169 2396 in
1193 2347 1350 2396 aciem
1374 2349 1620 2396 forensem
1637 2364 1651 2408 3
1686 2347 1973 2396 subeundus

317 2426 448 2476 visus
490 2415 749 2477 hominum
792 2437 839 2477 et
876 2428 1225 2492 periclitandae
1260 2428 1384 2477 vires
1425 2427 1604 2491 ingeni,
1643 2417 1691 2477 et
1725 2427 1808 2476 illa
1845 2443 1975 2476 com·

215 2523 289 2574 158
318 2508 555 2558 mentatio
580 2508 768 2558 inclusa
792 2509 843 2558 in
868 2508 1079 2558 veritatis
1104 2511 1266 2559 lucem
1290 2510 1583 2572 proferenda
1606 2502 1729 2573 ests
1754 2503 1975 2571 Legendi

317 2589 463 2639 etiam
510 2600 700 2654 poetae,
747 2592 1122 2654 cognoscendae
1168 2590 1412 2650 historiae,
1461 2589 1685 2640 omnium
1730 2588 1973 2638 bonarum

2002 1069 2051 1098 10

2001 1470 2049 1513 15

2000 1876 2050 1904 20

1998 2281 2047 2324 25

316 2670 492 2719 artium
523 2672 751 2721 doctores
776 2681 925 2735 atque
955 2670 1212 2734 scriptores
1237 2669 1451 2734 eligendi
1479 2678 1527 2719 et
1555 2667 1898 2733 pervolutandi
1925 2675 1974 2717 et
1994 2685 2048 2727 30

317 2751 674 2802 exercitationis
700 2770 848 2803 causa
875 2752 1123 2812 laudandi,
1151 2751 1514 2816 interpretandi,
1541 2749 1828 2815 corrigendi,
1854 2747 1974 2798 vitu-

371 2882 398 2919 6
427 2881 662 2930 posuissem
675 2881 872 2921 Frz'edn‘ch
985 2893 1034 2919 21
1059 2881 1280 2920 -citatione
1300 2881 1433 2931 incipit
1449 2879 1503 2919 H
1504 2879 1585 2930 sol.
1598 2879 1673 2919 xix
1781 2876 1855 2930 [M
1860 2876 1971 2930 εΗ]

317 2947 366 2983 27
398 2936 515 2974 visus
544 2935 700 2975 Victor:
724 2949 823 2975 usus
851 2934 963 2974 codd.
1122 2935 1336 2974 hominum
1359 2935 1431 2986 Lg
1447 2947 1486 2974 2.
1506 2935 1589 2984 36:
1618 2932 1804 2974 omnium
1830 2930 1970 2974 codd-2

317 3002 399 3028 om.
420 2988 472 3028 H
630 3002 685 3039 30
714 2990 900 3041 eligendi
920 2989 994 3029 H:
1024 2986 1194 3040 legendi
1216 3003 1285 3032 m:
1319 2993 1363 3028 et
1382 2988 1553 3039 legendi
1574 2988 1611 3027 L
