2150 3444
0 884 27 932 μ
38 914 39 917 ,

709 158 804 208 DE
840 158 1182 208 ORATORE
1254 160 1307 207 ΙΙ
1861 171 1927 209 22
1949 171 2008 221 9⁶

177 307 307 360 mnt,
330 306 418 349 aut
451 297 600 349 etiam
631 297 726 358 illa,
762 313 891 361 quae
925 296 1135 361 insignia
1169 313 1229 347 ac
1264 313 1424 361 paene
1456 297 1643 357 vitiosa,
1670 314 1840 348 conse-

178 389 372 432 ctantur
401 378 657 429 imitando.
731 378 871 428 Nihil
896 387 970 429 est
993 377 1198 438 facilius,
1225 394 1376 442 quam
1400 378 1638 427 amictum
1662 379 1841 428 imitari
1863 393 1914 434 91

177 460 383 514 alicuius
405 468 492 510 aut
515 469 696 510 statum
720 469 806 510 aut
829 469 1022 510 motum
1040 478 1054 521 ;
1089 459 1131 509 si
1154 476 1270 508 vero
1294 459 1444 509 etiam
1468 459 1630 508 vitiosi
1653 459 1841 522 aliquid

178 551 265 604 est,
291 541 344 593 id
368 558 562 592 sumere
590 550 640 591 et
670 541 722 590 in
751 558 812 591 eo
844 541 965 590 vitio
992 542 1194 590 similem
1227 557 1335 590 esse
1364 557 1467 590 non
1492 558 1726 604 magnum
1752 550 1838 601 est,

130 641 156 684 5
177 633 233 674 ut
271 622 367 684 ille,
407 622 493 687 qui
531 639 665 672 nunc
706 622 869 683 etiam,
907 622 1089 671 amissa
1128 638 1264 682 voce,
1304 622 1419 671 furit
1454 622 1505 671 in
1540 639 1591 671 re
1627 622 1839 686 publica,

179 705 360 764 FufiuS,
392 719 569 753 nervos
597 703 651 752 in
681 703 898 753 dicendo
923 704 980 753 C.
1022 702 1283 762 Fimbriae,
1322 720 1448 767 quos
1478 713 1644 752 tamen
1670 703 1843 752 habuit

150 803 154 806 ’
176 784 274 844 ille,
291 800 396 834 non
419 783 719 847 adsequitur,
742 783 838 833 oris
857 782 1149 847 pravitatem
1174 792 1223 833 et
1242 785 1505 833 verborum
1530 783 1843 833 latitudinem

177 864 394 915 imitatur
409 882 424 925 ;
476 865 564 914 sed
600 873 768 914 tamen
798 864 879 913 ille
915 881 1009 913 nec
1045 864 1260 929 deligere
1295 865 1448 926 scivit,
1485 865 1624 914 cuius
1654 864 1845 929 potissi-

177 961 316 995 mum
361 937 532 994 similis
567 954 708 1005 esset,
748 954 796 995 et
831 945 884 994 in
918 962 980 995 eo
1015 945 1137 1010 ipso,
1178 962 1328 1009 quem
1365 948 1624 1010 delegerat,
1664 945 1843 994 imitari

109 1044 159 1074 ιο
177 1025 327 1077 etiam
349 1025 467 1075 vitia
490 1026 645 1076 voluit
663 1045 676 1088 3
725 1026 811 1091 qui
835 1036 1002 1076 autem
1032 1027 1100 1076 ita
1128 1027 1286 1088 faciet,
1315 1037 1369 1076 ut
1394 1036 1600 1091 oportet,
1627 1027 1842 1091 primum
1864 1040 1916 1082 92

177 1107 343 1172 vigilet
365 1124 569 1158 necesse
594 1117 668 1158 est
698 1107 751 1157 in
784 1108 1081 1174 deligend03
1133 1109 1330 1168 deinde,
1360 1125 1509 1172 quem
1534 1109 1764 1172 probarit,
1792 1107 1844 1157 in

179 1206 255 1250 e0‚
299 1205 427 1253 quae
462 1188 675 1239 maxime
711 1191 965 1249 excellent,
1005 1206 1065 1239 ea
1099 1189 1474 1254 diligentissime
1508 1199 1841 1254 persequatur.

180 1269 318 1334 Quid
370 1269 504 1319 enim
563 1287 741 1321 causae
793 1270 1006 1320 censetis
1060 1287 1168 1320 esse
1215 1288 1302 1320 cur
1347 1280 1533 1321 aetates
1586 1270 1847 1321 extulerint

178 1351 400 1416 singulae
437 1350 628 1416 singula
673 1368 828 1416 prope
874 1368 1054 1415 genera
1099 1351 1338 1401 dicendi?
1396 1353 1549 1415 Quod
1596 1369 1699 1401 non
1745 1361 1847 1402 tam

109 1449 156 1491 15
178 1432 322 1483 facile
345 1431 397 1481 in
422 1432 601 1483 nostris
634 1433 910 1483 oratoribus
943 1450 1209 1497 possumus
1247 1433 1479 1494 iudicare,
1506 1434 1623 1498 quia
1651 1433 1844 1498 scripta,

179 1531 241 1564 ex
263 1513 445 1578 quibus
468 1513 708 1564 iudicium
733 1514 838 1564 fieri
862 1523 1043 1578 posset,
1071 1531 1174 1564 non
1204 1517 1360 1564 multa
1383 1531 1502 1564 sane
1527 1515 1844 1579 reliquerunt,

180 1611 332 1659 quam
355 1594 409 1644 in
433 1595 648 1656 GraeciS,
677 1613 736 1645 ex
769 1613 981 1660 quorum
1011 1596 1216 1660 scriptis,
1245 1596 1486 1660 cuiusque
1517 1596 1690 1646 aetatis
1719 1613 1847 1661 quae

180 1676 383 1728 dicendi
406 1676 530 1727 ratio
553 1679 882 1742 voluntasque
919 1678 1077 1740 fuerit,
1105 1678 1323 1742 intellegi
1346 1687 1523 1742 potest.
1597 1678 1848 1742 Antiquis-
1870 1687 1924 1731 93

180 1757 293 1808 simi
333 1760 434 1808 fere
471 1767 599 1819 sunt,
640 1776 853 1823 quorum
895 1759 1098 1823 quidem
1137 1759 1317 1824 scripta
1357 1768 1599 1818 constent,
1637 1759 1849 1809 Pericles

111 1856 163 1886 20
181 1848 333 1904 atque
377 1839 665 1890 Alcibiades
712 1849 761 1890 et
809 1842 985 1890 eadem
1032 1849 1193 1890 aetate
1240 1839 1576 1903 ThucydideS,
1627 1839 1847 1902 subtileS,

181 1919 328 1981 acuti,
354 1920 540 1982 breves,
568 1920 925 1986 sententiisque
955 1922 1110 1986 magis
1146 1939 1297 1986 quam
1322 1921 1482 1971 verbis
1506 1921 1820 1971 abundantes
1841 1941 1850 1970 :

181 2017 285 2052 non
308 2001 551 2066 potuisset
581 2002 820 2063 accidere,
855 2012 911 2052 ut
943 2020 1100 2052 unum
1136 2020 1292 2067 genus
1318 2012 1447 2053 esset
1479 2002 1719 2064 omnium,
1756 2002 1850 2052 nisi

179 2081 398 2146 aliquem
435 2082 531 2133 sibi
565 2093 899 2148 proponerent
935 2086 1001 2134 ad
1043 2083 1352 2133 imitandum.
1427 2084 1698 2134 Consecuti
1736 2093 1851 2133 sunt

182 2164 275 2214 hos
301 2162 491 2224 Critias,
514 2165 864 2225 Theramenes,
889 2164 1061 2228 Lysias
1082 2184 1091 2215 :
1129 2167 1285 2214 multa
1310 2165 1486 2228 Lysiae
1501 2165 1681 2229 scripta
1705 2174 1850 2226 sunt3

109 2262 158 2304 ²5
180 2260 286 2294 non
306 2245 443 2293 nulla
474 2244 658 2295 Critiae
674 2263 688 2307 ;
739 2247 804 2295 de
836 2248 1150 2296 Theramene
1181 2245 1412 2296 audimus
1429 2265 1443 2307 3
1492 2262 1666 2296 omnes
1699 2246 1848 2296 etiarn

180 2331 289 2374 tum
311 2324 590 2375 retinebant
612 2325 752 2375 illum
772 2326 947 2376 Pericli
973 2344 1161 2387 sucum,
1181 2329 1270 2376 sed
1298 2335 1437 2376 erant
1450 2329 1599 2391 paulo
1623 2326 1849 2376 uberiore

181 2405 280 2455 filo.
354 2406 487 2455 Ecce
533 2405 625 2456 tibi
672 2415 747 2456 est
792 2416 989 2457 exortus
1033 2410 1288 2467 Isocrates,
1344 2405 1597 2474 [magister
1642 2406 1847 2456 istorum
1870 2422 1926 2463 94

182 2483 446 2552 omnium,]
484 2486 625 2536 cuius
672 2504 701 2537 e
738 2489 859 2537 ludo
897 2497 1152 2552 tamquam
1194 2505 1254 2538 ex
1295 2505 1426 2553 equo
1467 2488 1686 2538 Troiano
1728 2488 1850 2538 meri

238 2614 293 2654 M
309 2633 344 2648 =
364 2613 504 2654 AEH
661 2628 688 2666 3
716 2617 856 2656 vitiosi
877 2616 1098 2656 Manutius
1116 2633 1126 2657 :
1156 2617 1308 2658 vitiose
1327 2617 1440 2657 codd.
1556 2631 1580 2667 4
1612 2618 1655 2656 in
1677 2630 1729 2657 eo
1750 2618 1850 2657 vitio

181 2669 365 2710 similem
377 2667 538 2709 Adler:
566 2669 609 2709 in
631 2683 683 2710 eo
698 2671 899 2711 vitiosum
918 2671 1031 2711 codd.
1055 2685 1065 2710 ε
1094 2673 1138 2710 in
1161 2685 1214 2711 eo
1229 2672 1331 2711 vitio
1352 2678 1484 2711 totum
1508 2672 1703 2711 Mueller:
1734 2673 1775 2711 in
1797 2685 1850 2712 eo

182 2725 322 2775 ipsum
341 2723 540 2763 vitiosum
557 2724 743 2764 Ellendt:
774 2725 818 2764 in
839 2738 891 2765 eo
915 2725 1186 2766 ambitiosum
1207 2725 1457 2765 Lachmann
1479 2725 1654 2776 (Lucret.
1682 2727 1724 2767 ii.
1751 2729 1848 2776 30):

183 2779 227 2819 in
256 2791 309 2819 eo
335 2777 432 2827 ipso
459 2778 563 2818 vitio
592 2791 677 2818 non
704 2791 828 2818 suum
847 2779 964 2819 Bake
1265 2793 1309 2820 11
1342 2781 1530 2831 probarit
1557 2780 1704 2831 Sorof:
1753 2794 1850 2832 pro-

181 2833 298 2873 bavit
322 2829 462 2874 codd.:
493 2833 688 2884 probabit
704 2833 953 2874 Lachmann
972 2848 981 2874 :
1011 2835 1252 2885 probaverit
1264 2834 1323 2874 ed.
1340 2834 1613 2886 Non'mberg:
1634 2835 1692 2875 ed.
1716 2835 1846 2876 Venet.

187 2888 294 2937 1488
318 2885 571 2939 (Omm'bom‘
588 2886 817 2938 Leom'cem')
989 2901 1038 2939 13
1067 2889 1241 2930 tulerint
1265 2888 1403 2939 Sorof
1568 2902 1618 2938 27
1650 2890 1853 2939 magister

183 2941 362 2982 istorum
390 2941 579 2981 omnium
607 2941 787 2981 damnat
804 2940 1065 2983 Lambinus:
1096 2943 1214 2983 habet
1240 2943 1409 2983 Nonius
1422 2949 1466 2994 p.
1488 2941 1634 2993 344M
1796 2945 1851 2982 28

183 2996 290 3036 meri
310 2995 475 3036 Nonius
494 2995 519 3038 Ι.
540 2996 567 3036 l.
590 3010 599 3035 ε
630 2995 842 3036 innumeri
861 2996 976 3038 codd.

236 3075 316 3104 erc.
343 3076 399 3103 m:
418 3075 546 3104 oum.
1717 3065 1741 3103 7
