2150 3444
123 152 191 205 45
218 148 294 194 188
774 146 844 194 Μ.
882 146 1092 194 TVLLI
1130 145 1514 195 CICERONIS

317 300 416 348 que
430 282 535 333 aliis
560 274 700 347 quasi
725 285 971 347 praeclare
995 292 1105 333 acta
1127 284 1361 345 laudaret,
1384 272 1512 349 quae
1536 301 1617 336 me
1641 286 1840 338 nercule
1863 301 1973 351 ege,
2032 328 2035 332 .

308 365 507 426 Crasse,
535 382 649 414 cum
682 382 711 414 a
743 374 791 414 te
826 373 1092 413 tractantur
1123 363 1175 413 in
1208 365 1604 427 causis-horrere
1637 369 1802 418 soleo:
1838 376 1975 418 tanta

315 446 387 496 vis
420 446 588 508 animi,
614 455 778 496 tantus
814 446 1044 510 impetus,
1070 443 1251 495 tantus⁴
1270 448 1411 496 dolor
1443 447 1616 509 oculis,
1638 451 1791 511 vultu,
1810 455 1976 514 gestu,

315 528 470 592 digito
496 528 712 592 denique
745 529 839 578 isto
865 537 952 578 tuo
981 528 1241 592 significari
1271 531 1395 578 solet
1410 548 1425 590 ;
1460 538 1653 579 tanturn
1685 539 1759 580 est
1789 531 1976 581 flumen

316 610 712 674 gravissimorum
747 610 1147 674 optimorumque
1182 610 1456 670 verborum,
1486 619 1587 659 tarn
1622 609 1838 676 integrae
1873 629 1980 662 sen-
2001 629 2024 672 5

317 691 512 751 tentiae,
542 699 648 740 tum
682 708 836 751 verae,
866 700 966 740 tam
1000 708 1170 751 novae,
1199 700 1299 740 tam
1334 691 1438 741 sine
1467 691 1731 756 pigmentis
1765 693 1981 758 fucoque
2043 703 2049 708 '

314 772 505 836 puerili,
533 780 587 821 ut
620 772 742 821 mihi
775 789 877 821 non
915 773 1075 822 solum
1108 782 1162 821 tu
1198 772 1462 822 incendere
1494 772 1723 835 iudicem,
1752 775 1840 825 sed
1875 773 1981 840 ipse

222 860 296 913 189
318 855 488 903 ardere
513 853 733 903 videaris.
811 856 989 917 Neque
1024 854 1126 903 fieri
1159 863 1321 917 potest
1358 863 1412 903 ut
1441 856 1606 904 doleat
1630 853 1683 914 is,
1713 854 1798 919 qui
1826 854 1977 916 audit,

319 945 374 984 ut
406 935 577 995 oderit,
605 944 659 984 ut
692 934 921 995 invideat,
957 941 1010 983 ut
1044 935 1356 999 pertimescat
1388 934 1588 1000 aliquid,
1624 945 1679 986 ut
1713 938 1778 986 ad
1810 939 1981 988 fletum
2023 967 2030 971 -

320 1017 806 1080 misericordiamque
850 1018 1136 1078 deducatur,
1179 1017 1273 1066 nisi
1315 1034 1488 1067 omnes
1530 1017 1599 1067 illi
1640 1026 1818 1079 motus,
1856 1035 1982 1083 quos
2007 1016 2057 1064 fo

321 1107 482 1148 orator
517 1098 753 1148 adhibere
790 1101 922 1147 volet
958 1097 1123 1158 iudici,
1160 1098 1212 1147 in
1248 1098 1356 1162 ipso
1393 1108 1583 1148 oratore
1618 1097 1842 1163 impressi
1875 1116 1984 1150 esse

321 1189 471 1243 atque
502 1179 653 1228 inusti
678 1179 990 1229 videbuntur.
1067 1181 1220 1241 Quod
1246 1179 1285 1227 si
1319 1181 1462 1228 fictus
1497 1176 1650 1243 aliqui
1673 1181 1816 1230 dolor
1839 1181 1985 1231 susci-

322 1261 534 1325 piendus
560 1269 688 1310 esset
713 1269 761 1310 et
787 1261 826 1309 si
852 1261 903 1309 in
929 1260 1034 1310 eius
1067 1261 1205 1311 modi
1238 1273 1416 1325 genere
1442 1258 1676 1310 orationis
1707 1261 1830 1310 nihil
1858 1271 1986 1312 esset

324 1342 418 1392 nisi
453 1344 630 1391 falsum
666 1351 815 1405 atque
859 1341 1134 1392 imitatione
1177 1342 1475 1402 simulatum,
1514 1342 1670 1392 maior
1709 1359 1786 1392 ars
1822 1343 1987 1408 aliqua

324 1424 527 1474 forsitan
552 1431 680 1472 esset
704 1423 998 1487 requirenda
1021 1443 1029 1473 :
1067 1441 1202 1473 nunc
1227 1440 1331 1487 ego,
1362 1423 1482 1487 quid
1516 1422 1617 1484 tibi,
1649 1424 1837 1486 Crasse,
1865 1425 1986 1489 quid
2010 1438 2057 1479 15

325 1505 498 1556 ceteris
533 1505 739 1564 accidat,
776 1504 975 1566 nesci03
1023 1507 1088 1554 de
1124 1522 1204 1555 me
1239 1514 1405 1554 autem
1443 1522 1590 1554 causa
1624 1507 1759 1555 nulla
1793 1515 1868 1555 est
1901 1523 1988 1556 cur

325 1588 460 1651 apud
494 1585 723 1636 homines
759 1585 1170 1649 prudentissimos
1206 1595 1355 1650 atque
1391 1586 1716 1654 amicissimos
1751 1587 1987 1638 mentiar:

327 1685 430 1718 non
466 1684 546 1716 me
581 1668 779 1716 hercule
815 1684 1053 1730 umquam
1092 1669 1226 1731 apud
1261 1667 1449 1717 iudices
1485 1665 1609 1735 [aut]
1647 1670 1871 1719 dolorem
1904 1662 1990 1718 aut

329 1748 714 1798 misericordiam
761 1757 846 1796 aut
892 1747 1129 1797 invidiam
1177 1758 1261 1798 aut
1309 1747 1481 1798 odium
1524 1749 1740 1800 dicendo
1780 1749 1990 1800 excitare

329 1830 462 1880 volui
487 1830 607 1893 quin
631 1829 736 1893 ipse
761 1829 812 1877 in
838 1830 1212 1879 commovendis
1238 1829 1484 1880 iudicibus
1510 1831 1579 1880 eis
1604 1830 1722 1895 ipsis
1746 1831 1984 1891 sensibus,
2013 1844 2066 1873 20

229 1931 308 1974 190
330 1914 395 1962 ad
420 1928 545 1975 quos
570 1910 679 1959 illos
704 1911 950 1960 adducere
975 1913 1164 1971 vellem,
1192 1928 1501 1975 permoverer
1518 1930 1531 1973 3
1566 1928 1730 1975 neque
1754 1920 1828 1962 est
1856 1911 1990 1962 enim

330 1993 473 2042 facile
497 1993 729 2056 perficere
758 2000 813 2040 ut
845 1991 1078 2041 irascatur
1107 1992 1164 2052 ei,
1195 1992 1274 2041 cui
1299 2001 1352 2041 tu
1377 1992 1510 2052 velis,
1539 1992 1700 2053 iudex,
1728 1993 1768 2042 si
1801 2001 1855 2042 tu
1886 1993 1992 2057 ipse

330 2073 384 2123 id
409 2076 540 2122 lente
564 2060 686 2122 ferre
711 2072 909 2122 videare
926 2091 939 2134 3
975 2090 1139 2136 neque
1171 2082 1224 2122 ut
1257 2073 1415 2123 oderit
1447 2091 1574 2133 eum,
1605 2090 1753 2137 quem
1777 2083 1832 2122 tu
1855 2073 1988 2133 velis,
2029 2092 2031 2095 ’

280 2189 283 2191 >
333 2151 428 2203 nisi
452 2163 500 2203 te
525 2154 686 2218 ipsum
713 2156 998 2217 flagrantem
1020 2154 1139 2203 odio
1163 2163 1278 2203 ante
1297 2154 1472 2204 viderit
1488 2173 1502 2215 3
1537 2171 1700 2218 neque
1723 2155 1788 2204 ad
1812 2154 1994 2204 miseri-

335 2235 554 2286 cordiam
590 2237 878 2295 adducetur,
906 2234 999 2283 nisi
1035 2243 1089 2283 tu
1125 2234 1170 2284 ei
1203 2235 1340 2299 signa
1371 2235 1554 2285 doloris
1587 2235 1658 2284 tui
1686 2235 1859 2296 verbis,
1887 2252 1993 2286 sen·
2016 2251 2084 2293 25⁴

335 2317 512 2378 tentiiS‚
541 2334 677 2377 voce,
705 2318 858 2376 vultU,
885 2316 1321 2365 conlacrimatione
1350 2315 1569 2380 denique
1598 2315 1870 2366 ostenderis
1890 2333 1904 2378 3
1937 2325 1994 2366 ut

336 2400 469 2448 enim
494 2401 629 2447 nulla
653 2398 880 2446 materies
905 2406 1006 2446 tarn
1031 2397 1185 2446 facilis
1209 2398 1274 2447 ad
1303 2398 1722 2447 exardescendum
1754 2406 1840 2457 est,
1860 2410 1996 2461 ⁴quae

336 2480 430 2529 nisi
454 2482 659 2529 admoto
684 2479 784 2542 igni
809 2479 975 2542 ignem
999 2478 1261 2568 concipere
1284 2479 1451 2542 possit,
1481 2478 1551 2527 sic
1586 2479 1722 2527 nulla
1750 2494 1891 2527 mens
1921 2486 1996 2527 est

337 2570 438 2610 tam
467 2561 532 2609 ad
568 2560 1091 2650 comprehendendam
1115 2558 1215 2607 vim
1248 2558 1452 2608 oratoris
1483 2568 1663 2623 parata,
1692 2574 1820 2623 quae
1841 2558 1997 2624 possit

334 2641 551 2701 incendi,
579 2639 672 2689 nisi
697 2640 802 2704 ipse
831 2639 1163 2689 inflammatus
1196 2641 1260 2689 ad
1293 2657 1402 2689 eam
1435 2648 1485 2689 et
1515 2641 1692 2689 ardens
1723 2639 1993 2689 accesserit.
2018 2659 2071 2698 30

241 2702 275 2749 4
341 2725 429 2782 Ac,
457 2740 520 2771 ne
552 2724 649 2771 hoc
678 2724 803 2771 forte
838 2736 1073 2784 magnum
1105 2738 1163 2770 ac
1196 2720 1418 2770 mirabile
1451 2737 1558 2770 esse
1590 2721 1813 2770 videatur
1844 2720 1998 2770 horni-

241 2777 313 2820 191
341 2821 455 2853 nem
481 2803 660 2852 totiens
690 2802 843 2862 irasci,
873 2801 1053 2851 totiens
1087 2803 1266 2862 dolere,
1294 2801 1474 2852 totiens
1507 2801 1643 2854 omni
1676 2810 1815 2851 motu
1845 2801 1997 2850 animi

333 2927 335 2929 ’
395 2932 449 2971 Μ
466 2952 500 2966 =
521 2931 660 2971 ΑΕΗ
819 2933 844 2970 8
873 2931 1023 2970 ardere
1043 2943 1124 2969 om.
1150 2928 1203 2968 M
1307 2943 1334 2981 9
1364 2930 1417 2970 ad
1437 2930 1584 2970 flectus
1604 2930 1668 2969 E:
1699 2930 1884 2969 adfectet
1903 2901 2003 2975 ΑΗ

341 3002 395 3040 30
423 2989 648 3028 accesserit
669 2986 779 3026 mL:
809 2985 1048 3026 accesserit.
1074 2983 1127 3022 M
