2150 3444
750 135 847 184 DE
881 132 1226 185 ORATORE
1296 132 1352 182 11

221 272 551 325 beneficentia
578 273 800 339 positae;
849 273 986 335 aliae,
1014 289 1143 338 quae
1174 272 1226 321 in
1261 270 1427 335 ingeni
1459 270 1625 335 aliqua
1656 273 1889 322 facultate

218 364 305 406 aut
339 355 493 405 animi
529 355 871 420 magnitudine
903 372 963 405 ac
997 354 1175 404 robore
1191 371 1206 415 3
1241 369 1358 402 nam
1383 351 1660 412 clementia,
1688 352 1884 412 iustitia,

218 435 510 501 benignitaS,
538 438 676 497 fides,
703 435 941 487 fortitudo
965 435 1016 485 in
1041 433 1270 500 periculis
1294 433 1646 484 communibus
1670 433 1889 483 iucunda

1911 129 2079 194 8434ss

218 526 294 568 est
324 517 498 568 auditu
530 517 582 567 in
614 516 1014 578 laudationibus3
1050 532 1225 566 omnes
1258 514 1391 564 enim
1424 516 1519 565 hae
1551 514 1752 564 virtutes
1785 532 1888 564 non
1914 510 1994 571 344

170 618 195 660 5
218 606 321 648 tam
345 597 481 664 ipsiS,
506 597 592 663 qui
616 615 699 649 eas
724 598 924 659 habent,
953 613 1104 661 quam
1128 596 1295 661 generi
1320 595 1582 646 hominum
1608 598 1888 646 fructuosae

218 687 465 744 putantur.
538 678 790 744 Sapientia
830 688 879 728 et
920 677 1212 742 magnitudo
1252 676 1419 739 animi,
1458 694 1558 741 qua
1596 694 1770 727 omnes
1812 693 1887 726 res

217 762 469 811 humanae
501 768 676 810 tenues
704 775 764 810 ac
798 775 889 824 pro
924 758 1080 808 nihilo
1115 766 1363 822 putantur,
1392 767 1440 807 et
1472 758 1524 806 in
1560 758 1888 823 excogitando

218 840 291 892 vis
324 842 572 906 quaedam
610 840 778 905 ingeni
818 849 867 890 et
903 840 1011 910 ipsa
1046 839 1332 904 eloquentia
1365 838 1704 889 admirationis
1736 840 1889 889 habet

217 938 322 972 non
345 921 524 984 minuS,
551 921 870 973 iucunditatis
900 921 1095 971 minus:
1131 921 1266 986 ipsos
1299 920 1432 971 enim
1462 921 1617 986 magis
1642 920 1885 982 videntur,

145 1011 197 1054 ἰο
217 1019 345 1069 quos
368 1005 643 1065 laudamUS,
671 1020 823 1068 quam
847 1003 974 1065 illos,
999 1004 1134 1067 apud
1163 1020 1290 1067 quos
1323 1004 1595 1063 laudamuS,
1625 1019 1797 1052 ornare
1829 1019 1888 1052 ac

216 1085 355 1136 tueri.
428 1087 528 1137 Sed
563 1095 731 1136 tamen
767 1085 818 1134 in
853 1087 1107 1136 laudando
1142 1085 1393 1149 iungenda
1429 1093 1544 1134 sunt
1579 1083 1727 1134 etiam
1763 1085 1888 1133 haec

215 1183 398 1231 genera
435 1166 672 1217 virtutum
688 1184 703 1230 ;
751 1168 915 1217 ferunt
956 1166 1091 1217 enim
1137 1183 1279 1216 aures
1326 1165 1588 1215 hominum
1630 1182 1746 1215 cum
1787 1165 1884 1226 illa,

216 1265 346 1313 quae
374 1249 593 1299 iucunda
621 1258 671 1298 et
701 1258 848 1314 grata,
877 1258 983 1298 tum
1020 1248 1170 1298 etiam
1205 1248 1302 1309 illa,
1330 1264 1458 1312 quae
1494 1246 1736 1296 mirabilia
1771 1256 1887 1296 sunt
1910 1282 1940 1331 8

214 1328 268 1379 in
290 1329 483 1391 virtute,
509 1330 711 1381 laudari.
786 1333 851 1380 Et
886 1330 1125 1395 quoniam
1162 1330 1463 1395 singularum
1500 1328 1734 1378 virtutum
1771 1337 1886 1378 sunt

143 1428 191 1473 15
214 1420 349 1462 certa
379 1414 627 1477 quaedam
658 1411 821 1462 officia
855 1429 914 1462 ac
946 1427 1152 1462 munera
1184 1421 1233 1462 et
1265 1429 1354 1461 sua
1386 1411 1565 1476 cuique
1589 1410 1755 1460 virtuti
1779 1412 1886 1460 laus

214 1492 412 1557 propria
448 1493 672 1555 debetur,
710 1493 801 1543 erit
839 1493 1188 1558 explicandum
1225 1493 1276 1542 in
1311 1495 1460 1543 laude
1498 1491 1726 1553 iustitiae,
1764 1491 1886 1556 quid

214 1590 331 1624 cum
372 1575 487 1635 fide,
528 1575 650 1639 quid
693 1591 808 1625 cum
855 1575 1219 1639 aequabilitate,
1261 1574 1383 1639 quid
1430 1591 1546 1625 cum
1593 1573 1699 1624 eius
1746 1572 1886 1623 modi

213 1654 383 1720 aliquo
415 1656 581 1706 officio
612 1656 666 1717 is,
695 1657 780 1721 qui
813 1656 1106 1717 laudabitur,
1136 1656 1304 1706 fecerit
1325 1674 1339 1717 ς
1374 1656 1595 1720 itemque
1628 1655 1679 1704 in
1712 1653 1885 1704 ceteris

213 1753 291 1786 res
322 1745 490 1802 gestae
520 1739 587 1787 ad
619 1737 860 1802 cuiusque
893 1737 1083 1787 virtutis
1115 1755 1272 1802 genus
1304 1746 1353 1787 et
1378 1737 1478 1786 vim
1511 1746 1559 1786 et
1592 1752 1777 1786 nomen
1809 1752 1889 1784 ac-

1910 1371 1990 1412 345

141 1824 194 1868 πο
214 1819 682 1877 commodabantur.
758 1818 1049 1868 Gratissima
1085 1827 1252 1868 autem
1291 1820 1397 1868 laus
1434 1834 1605 1867 eorum
1642 1819 1885 1866 factorum
1908 1814 1990 1868 346

214 1898 436 1960 habetur,
465 1916 594 1964 quae
619 1909 850 1964 suscepta
874 1899 1103 1950 videntur
1127 1917 1157 1949 a
1180 1899 1294 1949 viris
1327 1898 1536 1949 fortibus
1566 1898 1672 1948 sine
1702 1899 1887 1948 emolu-

213 1989 386 2031 mento
408 1997 469 2031 ac
491 1981 714 2046 praemio
730 1997 744 2043 3
780 1998 908 2046 quae
932 1998 1049 2031 vero
1075 1981 1224 2031 etiam
1250 1998 1365 2031 cum
1390 1981 1558 2030 labore
1582 1996 1641 2029 ac
1665 1979 1886 2043 periculo

213 2060 449 2127 ipsorum,
487 2063 612 2113 haec
652 2063 839 2113 habent
876 2062 1175 2113 uberrimam
1218 2062 1416 2127 copiam
1453 2063 1518 2112 ad
1560 2062 1884 2122 laudandum,

214 2145 354 2208 quod
391 2153 441 2194 et
481 2144 583 2195 dici
624 2143 934 2196 ornatissime
974 2154 1184 2210 possunt
1226 2154 1276 2195 et
1316 2143 1476 2194 audiri
1513 2142 1744 2193 facillime
1760 2160 1774 2204 3
1826 2159 1887 2193 ea

139 2241 189 2286 ²5
215 2224 351 2276 enim
385 2216 605 2291 denique
636 2225 787 2276 virtus
821 2243 929 2277 esse
961 2227 1156 2277 videtur
1191 2225 1484 2291 praestantis
1516 2224 1617 2286 viri,
1646 2241 1775 2288 quae
1810 2232 1886 2275 est

213 2307 466 2358 fructuosa
500 2307 620 2369 aliis,
654 2308 748 2374 ipsi
785 2318 870 2358 aut
908 2308 1155 2359 laboriosa
1189 2313 1275 2358 au't
1316 2307 1593 2372 periculosa
1628 2315 1714 2356 aut
1751 2315 1885 2357 certe

210 2388 432 2453 gratuita.
507 2391 695 2454 Magna
726 2389 876 2440 etiam
905 2389 989 2439 illa
1017 2392 1123 2440 laus
1155 2399 1206 2440 et
1236 2389 1540 2440 admirabilis
1569 2387 1725 2439 videri
1757 2390 1883 2439 solet

211 2469 383 2521 tulisse
413 2487 556 2522 casus
589 2470 836 2536 sapienter
866 2473 1115 2532 adversm,
1142 2489 1246 2522 non
1282 2473 1490 2522 fractum
1527 2487 1635 2521 esse
1667 2472 1878 2532 fortuna,

211 2551 470 2603 retinuisse
510 2553 563 2603 in
603 2554 750 2603 rebus
788 2553 972 2618 asperis
1014 2553 1336 2619 dignitatem3
1387 2570 1551 2618 neque
1591 2561 1759 2603 tamen
1798 2552 1881 2603 illa
1903 2562 1986 2606 347

137 2646 190 2694 30
211 2650 316 2684 non
356 2644 548 2696 ornant,
590 2634 748 2686 habiti
794 2637 1024 2697 honoreS,
1066 2637 1264 2687 decreta
1302 2635 1491 2687 virtutis
1533 2635 1765 2701 praemia,
1804 2653 1880 2687 res

210 2724 378 2781 gestae
418 2715 613 2769 iudiciis
660 2717 924 2768 hominum
971 2719 1354 2783 comprobatae3
1408 2718 1459 2768 in
1501 2718 1683 2782 quibus
1730 2708 1897 2770 etiam'

266 2845 321 2887 M
337 2867 373 2882 =
393 2845 531 2887 AEH
640 2862 658 2887 1
687 2848 895 2888 beneficio
909 2847 963 2887 M
977 2849 1009 2902 (ἒ
1022 2848 1091 2900 A)
1200 2861 1226 2898 3
1256 2848 1518 2889 iudicandast
1537 2847 1587 2887 M
1697 2863 1719 2900 7
1747 2862 1880 2902 prope

214 2901 347 2952 nihilo
365 2901 419 2942 M
546 2904 572 2943 8
600 2902 760 2943 habent
779 2903 942 2953 Kayser
1063 2917 1092 2954 9
1119 2903 1321 2943 videntur
1341 2902 1416 2942 M:
1445 2904 1614 2944 videtur
1632 2902 1670 2942 L
1691 2917 1744 2954 32
1764 2906 1877 2956 vulg.

212 2969 451 3063 {Qssffe'
477 2988 486 2999 .
508 2987 519 2998 .
542 2957 763 2998 laudamus
783 2970 866 2998 om.
889 2956 943 2996 M
1106 2971 1151 2998 11
1184 2958 1227 2997 in
1258 2970 1341 2998 om.
1377 2956 1432 2996 M
1583 2959 1632 2999 18
1661 2960 1771 3010 gerit
1802 2959 1878 3000 M:
