2150 3444
739 135 833 183 DE
870 134 1212 185 ORATORE
1284 136 1367 184 111
1906 148 1940 195 4
1972 154 2022 195 13

217 281 281 325 et*
309 271 604 337 singularem
646 272 935 337 pertulimus
975 289 1034 323 ac
1073 272 1336 334 sensimus,
1372 272 1607 336 cogitanti
1644 275 1887 324 sententia

220 369 369 418 saepe
393 362 478 403 tua
501 370 615 404 vera
637 370 696 403 ac
721 353 915 418 sapiens
939 352 1093 403 videri
1126 354 1268 414 solet,
1293 353 1378 417 qui
1402 363 1602 417 propter
1626 363 1698 403 tot
1723 364 1886 404 tantos

220 442 323 485 tam
346 434 726 499 praecipitisque
749 450 891 484 casus
916 433 1296 484 clarissimorum
1331 434 1593 484 hominum
1625 443 1775 498 atque
1804 452 1887 499 op-

221 515 455 566 timorum
479 515 694 566 virorum
719 532 801 564 me
824 532 1019 580 semper
1049 516 1114 565 ab
1147 515 1286 566 omni
1311 516 1632 566 contentione
1660 533 1719 565 ac
1748 516 1889 566 dimi-

173 605 198 648 ⁵
221 595 418 646 catione
443 593 640 664 [animi]
667 595 919 646 revocasti.
989 597 1088 645 Sed
1114 595 1352 660 quoniam
1377 598 1501 646 haec
1525 596 1623 646 iam
1648 614 1812 660 neque
1836 597 1887 646 in
1915 616 1963 655 14

221 676 413 740 integro
444 676 590 726 nobis
626 691 734 726 esse
762 684 971 739 possunt
1004 685 1053 725 et
1085 676 1267 725 summi
1300 677 1494 727 labores
1524 678 1678 727 nostri
1711 694 1890 741 magna

221 755 531 821 compensati
561 755 714 820 gloria
738 755 1035 819 mitigantur,
1063 773 1323 820 pergamus
1352 758 1419 807 ad
1451 774 1510 807 ea
1537 758 1736 819 solacia,
1761 775 1889 822 quae

220 852 325 886 non
361 837 515 886 modo
547 834 729 886 sedatis
755 835 992 886 molestiis
1017 836 1249 897 iucunda,
1277 839 1366 887 sed
1399 837 1548 887 etiam
1573 839 1890 888 haerentibus

221 915 451 967 salutaria
487 915 634 967 nobis
675 933 783 967 esse
823 916 1034 981 possint,
1069 933 1451 982 sermonemque
1490 921 1545 968 L.
1588 919 1751 970 Crassi
1786 919 1891 970 reli-

150 1014 202 1047 ιο
221 1013 379 1063 quum
409 1013 469 1047 ac
496 1013 656 1062 paene
691 1006 997 1062 postremum
1034 998 1301 1049 memoriae
1335 1001 1622 1064 prodamus,
1646 1009 1796 1064 atque
1829 1000 1887 1060 ei,

220 1078 263 1129 si
303 1093 620 1143 nequaquam
657 1094 826 1142 parem
867 1078 996 1128 illius
1037 1079 1254 1143 ingenio,
1291 1089 1341 1130 at
1382 1098 1472 1144 pro
1512 1090 1682 1131 nostro
1723 1091 1890 1131 tamen

221 1159 388 1210 studio
445 1159 670 1210 meritam
715 1159 920 1224 gratiam
967 1160 1289 1225 debitamque
1335 1163 1615 1212 referamus.
1712 1165 1891 1227 Neque
1919 1175 1966 1218 15

222 1241 357 1292 enim
402 1240 667 1306 quisquam
707 1250 948 1304 nostrum,
985 1258 1101 1291 cum
1141 1242 1293 1293 libros
1340 1243 1560 1294 Platonis
1608 1243 1894 1294 mirabiliter

223 1323 431 1389 scriptos
466 1323 596 1388 legit,
623 1323 675 1373 in
710 1323 892 1388 quibus
927 1324 1161 1375 omnibus
1196 1327 1296 1375 fere
1335 1327 1560 1376 Socrates
1592 1326 1890 1391 exprimitur,

150 1426 202 1470 15
224 1422 341 1467 non,
385 1421 690 1470 quamquam
736 1405 820 1455 illa
860 1405 1041 1471 scripta
1082 1415 1196 1456 sunt
1234 1406 1483 1468 divinitus,
1528 1417 1695 1458 tamen
1734 1408 1894 1457 maius

223 1486 467 1552 quiddam
512 1488 578 1537 de
624 1486 722 1548 illo,
767 1489 832 1538 de
873 1504 974 1551 quo
1015 1488 1195 1552 scripta
1232 1497 1361 1548 sunt,
1402 1488 1678 1552 suspicatur
1693 1508 1707 1550 3
1756 1490 1894 1552 quod

224 1569 345 1619 item
382 1585 475 1619 nos
515 1571 824 1633 postulamus
865 1587 968 1619 non
1005 1587 1036 1620 a
1075 1579 1125 1620 te
1162 1570 1384 1635 quidem,
1422 1570 1508 1634 qui
1543 1571 1689 1620 nobis
1724 1571 1894 1620 omnia

225 1668 421 1703 summa
455 1650 642 1712 tribuis,
675 1653 765 1702 sed
800 1669 830 1701 a
865 1651 1055 1713 ceteris,
1091 1651 1178 1716 qui
1215 1654 1339 1702 haec
1377 1652 1429 1701 in
1465 1669 1641 1703 manus
1678 1662 1893 1714 sument,

227 1733 388 1784 maius
427 1741 483 1783 ut
517 1732 758 1797 quiddam
795 1734 858 1782 de
895 1735 950 1782 L.
987 1734 1185 1794 CraSSO,
1214 1750 1365 1797 quam
1401 1743 1644 1798 quantum
1680 1751 1709 1783 a
1747 1733 1893 1782 nobis

156 1833 209 1864 πο
228 1814 539 1879 exprimetur,
567 1813 891 1878 suspicentur.
966 1816 1073 1863 Nos
1110 1814 1259 1874 enim,
1286 1814 1372 1878 qui
1408 1813 1502 1878 ipsi
1537 1815 1753 1864 sermoni
1790 1831 1893 1863 non
1919 1818 1968 1858 16

227 1896 617 1947 interfuissemus
659 1905 708 1945 et
743 1895 924 1960 quibus
962 1896 1018 1946 C.
1060 1897 1209 1946 Cotta
1244 1905 1438 1946 tantum
1475 1899 1628 1947 modo
1663 1899 1801 1946 locos
1836 1913 1895 1946 ac

225 1977 494 2028 sententias
518 1977 664 2027 huius
689 1976 1038 2042 disputationis
1067 1977 1363 2038 tradidisset,
1391 1995 1491 2042 quo
1516 1978 1567 2027 in
1592 1995 1770 2042 genere
1795 1994 1897 2028 ora-

226 2061 374 2111 tionis
410 2070 676 2125 utrumque
711 2070 956 2111 oratorem
993 2075 1399 2123 cognoveramus,
1435 2059 1487 2109 id
1523 2059 1686 2123 ipsum
1725 2075 1895 2108 sumus

226 2143 279 2192 in
302 2159 475 2194 eorum
504 2160 732 2193 sermone
756 2143 1051 2193 adumbrare
1080 2139 1248 2190 conati
1271 2159 1281 2189 :
1317 2141 1455 2204 quod
1479 2140 1519 2189 si
1544 2140 1655 2204 quis
1680 2140 1783 2201 erit,
1811 2140 1896 2204 qui

154 2237 205 2281 25
228 2225 408 2275 ductus
443 2224 680 2289 opinione
715 2223 847 2287 vulgi
876 2232 962 2273 aut
994 2221 1272 2272 Antonium
1308 2220 1600 2271 ieiuniorem
1636 2230 1721 2271 aut
1757 2223 1898 2272 Cras-

228 2321 339 2354 sum
375 2305 648 2369 pleniorem
673 2305 823 2355 fuisse
847 2313 1001 2370 putet,
1030 2321 1182 2368 quam
1211 2319 1313 2367 quo
1346 2304 1500 2352 modo
1528 2319 1558 2352 a
1590 2302 1735 2352 nobis
1772 2312 1897 2352 uter-

225 2402 326 2450 que
360 2385 593 2436 inductus
628 2394 717 2446 est,
752 2385 794 2436 is
827 2385 917 2436 erit
950 2402 1010 2435 ex
1045 2385 1129 2445 eiS,
1165 2384 1252 2448 qui
1287 2392 1372 2433 aut
1404 2383 1514 2432 illos
1551 2400 1653 2433 non
1686 2383 1896 2433 audierit

225 2475 312 2517 aut
358 2465 575 2516 iudicare
621 2483 724 2517 non
770 2466 957 2531 possit;
1015 2483 1130 2515 nam
1184 2466 1276 2515 fuit
1328 2474 1547 2528 uterque,
1590 2473 1645 2513 ut
1691 2464 1895 2528 exposui

226 2557 387 2608 antea,
414 2564 529 2597 cum
561 2547 728 2598 studio
757 2556 908 2611 atque
937 2547 1136 2612 ingenio
1169 2556 1218 2596 et
1250 2546 1476 2597 doctrina
1503 2554 1757 2610 praestans
1793 2562 1895 2595 om-

154 2645 207 2685 30
228 2628 392 2690 nibuS,
427 2636 534 2677 tum
569 2627 620 2676 in
658 2644 750 2678 suo
786 2645 965 2691 genere
1001 2630 1261 2692 perfectuS,
1292 2637 1347 2678 ut
1385 2644 1549 2692 neque
1584 2627 1634 2676 in
1671 2627 1895 2676 Antonio

227 2710 423 2758 deesset
446 2708 528 2758 hic
551 2717 752 2758 ornatus
777 2708 1012 2759 orationis
1038 2726 1201 2773 neque
1225 2709 1276 2758 in
1302 2710 1482 2760 Crasso
1507 2710 1818 2759 redundaret.

283 2836 338 2876 M
354 2855 390 2871 =
410 2836 549 2876 ΑΕΗ
651 2848 677 2887 5
705 2838 833 2877 animi
853 2837 924 2880 H:
953 2851 1037 2878 om.
1060 2837 1219 2878 AEm:
1249 2838 1377 2879 nimia
1396 2838 1553 2891 Stangl
1670 2853 1698 2890 9
1727 2840 1895 2891 possint

230 2891 305 2931 M:
342 2897 524 2942 possunt
542 2890 656 2944 vulg.
786 2904 834 2942 15
865 2905 952 2931 non
971 2906 1054 2933 om.
1074 2892 1126 2931 M
1196 2893 1267 2932 illa
1286 2906 1369 2933 om.
1393 2893 1447 2932 M
1569 2906 1624 2933 20
1650 2906 1894 2934 sermonem

228 2944 319 2985 ΑΕ
330 2959 339 2984 :
369 2959 510 2987 sermo
530 2958 585 2996 32
722 2959 775 2986 22
803 2959 887 2997 quo
907 2947 970 2987 uti
991 2959 1152 2997 genere
1171 2947 1336 2987 Richter
1471 2950 1525 2988 26
1552 2961 1577 2988 a
1597 2948 1721 2989 nobis
1740 2961 1824 2991 om.
1846 2948 1897 2988 M

230 3012 282 3050 27
313 3000 525 3041 audierint
543 3004 581 3040 et
598 3000 765 3051 possint
783 3001 894 3053 vulg.
918 3014 928 3040 ε
958 3013 1056 3042 corr.
1075 3000 1233 3053 Stangl
