2150 3444
84 156 244 207 35162
729 151 799 198 M.
838 150 1046 197 TVLLI
1085 149 1465 206 CICERONIS

271 298 448 349 essent,
476 298 543 350 tu,
570 289 655 353 qui
679 291 821 339 valde
846 288 1101 353 spectandi
1129 288 1339 352 cupidus
1367 305 1514 348 esseS,
1541 304 1644 338 non
1672 288 1922 339 dubitares

272 387 440 433 rogare
481 370 753 432 dominum,
797 380 850 420 ut
891 369 1091 434 proferri
1131 369 1334 429 iuberet,
1376 368 1661 433 praesertim
1707 369 1748 418 si
1794 377 1922 418 esset

270 450 548 500 familiaris:
586 451 803 500 similiter
843 467 976 499 nunc
1012 458 1149 513 petes
1183 466 1214 498 a
1242 451 1434 509 Crasso,
1468 458 1523 498 ut
1557 448 1690 498 illam
1725 449 1921 513 copiam

271 540 671 581 ornamentorum
695 547 909 590 suorum,
928 547 1076 593 quam
1101 538 1432 579 constructam
1455 547 1558 579 uno
1576 528 1627 578 in
1645 531 1757 579 loco
1781 527 1922 593 quasi

270 628 357 674 per
391 621 705 661 transennam
733 619 1094 676 praetereuntes
1127 609 1330 659 strictim
1358 609 1650 674 aspeximus,
1676 596 1730 659 in
1758 612 1920 659 lucem
1942 627 1967 669 5

170 697 244 747 163
270 694 481 755 proferat
506 702 554 742 et
578 710 668 742 suo
693 692 911 756 quidque
935 690 986 739 in
1011 693 1122 740 loco
1146 693 1404 740 conlocet.'
1448 696 1459 718 ‘
1478 694 1585 755 Ego
1603 708 1718 740 vero
1736 692 1747 715 ’
1763 689 1921 754 inquit

271 774 419 823 Cotta
456 777 511 821 ‘a
539 782 588 822 te
616 782 746 837 peto,
778 773 1013 822 Scaevola
1035 774 1202 820 z—me'
1230 771 1363 820 enim
1398 781 1446 821 et
1481 773 1615 820 hunc
1650 770 1940 835 Sulpicium'
1967 801 1969 803 ·

270 853 475 917 impedit
513 856 674 917 pudor
713 854 777 902 ab
814 852 1015 902 homine
1053 851 1276 901 omnium
1313 851 1610 916 gravissimo,
1645 851 1730 916 qui
1764 868 1920 915 genus

270 934 414 983 huius
451 934 588 983 modi
623 932 967 997 disputationis
1003 950 1196 996 semper
1230 932 1591 997 contempserit,
1625 934 1761 992 haec,
1792 949 1920 996 quae

270 1014 349 1063 isti
380 1014 581 1063 forsitan
613 1031 876 1078 puerorum
909 1015 1153 1062 elementa
1180 1012 1450 1074 videantur,
1482 1011 1732 1077 exquirere
1749 1013 1920 1062 z—sed
1945 1031 1996 1060 10

270 1104 323 1143 tu
359 1097 487 1144 hanc
523 1095 667 1144 nobis
703 1094 910 1155 veniam,
938 1096 1186 1155 Scaevola,
1217 1096 1295 1155 da,
1326 1104 1375 1144 et
1406 1096 1598 1159 perfice,
1632 1103 1686 1144 ut
1714 1096 1920 1146 Crassus

270 1177 406 1235 haec,
434 1193 561 1239 quae
596 1175 829 1225 coartavit
865 1185 913 1224 et
948 1185 1240 1239 peranguste
1271 1176 1456 1225 refersit
1488 1176 1539 1225 in
1568 1175 1788 1225 oratione
1815 1192 1918 1236 sua,

165 1261 243 1315 164
269 1256 438 1305 dilatet
458 1257 601 1306 nobis
620 1267 768 1321 atque
787 1256 1024 1320 explicet.'
1068 1260 1196 1320 ‘Ego
1216 1274 1296 1306 me
1311 1259 1526 1307 hercule'
1546 1255 1705 1321 inquit
1722 1257 1921 1307 Mucius

276 1340 446 1386 ‘antea
474 1348 632 1387 vestra
659 1338 812 1401 magis
844 1340 940 1387 hoc
970 1355 1117 1387 causa
1139 1339 1381 1398 volebam,
1409 1355 1558 1402 quarn
1589 1355 1701 1387 mea
1715 1356 1731 1399 ς,
1757 1355 1922 1402 neque

267 1418 399 1468 enim
424 1428 561 1468 tanto
586 1436 733 1483 opere
757 1421 886 1468 hanc
903 1437 933 1468 a
952 1421 1129 1469 Crasso
1153 1419 1538 1482 disputationem
1562 1419 1918 1480 desiderabam,
1946 1437 1994 1479 15

266 1509 453 1564 quanto
489 1517 637 1563 opere
672 1499 776 1549 eius
812 1499 862 1548 in
899 1499 1057 1549 causis
1086 1499 1307 1549 oratione
1336 1501 1554 1549 delector
1570 1517 1586 1561 3
1623 1516 1758 1549 nunc
1787 1517 1918 1560 vero,

267 1578 456 1640 Crasse,
484 1598 595 1629 mea
618 1596 818 1644 quoque
842 1589 890 1629 te
915 1579 1012 1628 iam
1037 1597 1185 1629 causa
1208 1596 1342 1643 rogo,
1368 1589 1437 1640 ut,
1464 1579 1700 1644 quoniam
1728 1589 1920 1629 tantum

265 1662 505 1711 habemus
535 1661 617 1722 oti,
653 1670 893 1725 quantum
922 1660 1019 1709 iam
1049 1661 1134 1710 diu
1167 1660 1312 1710 nobis
1341 1678 1443 1710 non
1472 1660 1690 1724 contigit,
1726 1677 1791 1709 ne
1821 1677 1922 1723 gra-

265 1741 388 1790 veris
426 1741 744 1791 exaedificare
781 1741 834 1790 id
873 1758 1010 1804 opus,
1053 1742 1190 1804 quod
1228 1740 1508 1790 instituisti:
1549 1743 1758 1790 formam
1786 1740 1919 1790 enim

207 1862 240 1909 6
265 1821 414 1870 totius
449 1822 614 1885 negoti
650 1821 884 1885 opinione
919 1821 1172 1871 meliorem
1209 1821 1545 1886 maioremque
1579 1821 1738 1882 video,
1770 1838 1919 1885 quam
1944 1840 1995 1868 20

161 1872 239 1989 1335
265 1903 580 1951 vehementer
603 1902 789 1965 probo.'
851 1905 862 1927 ‘
880 1901 1144 1951 Enimvero
1161 1904 1171 1925 '
1191 1901 1350 1966 inquit
1371 1904 1575 1952 Crassus
1597 1905 1609 1928 ‘
1623 1901 1785 1950 mirari
1803 1902 1918 1951 satis

263 2000 367 2032 non
395 2000 525 2046 queo
561 1983 708 2032 etiarn
737 1992 785 2032 te
816 1984 952 2043 haec,
990 1985 1239 2044 Scaevola,
1271 1983 1561 2043 desiderare,
1587 1985 1721 2048 'quae
1754 1999 1918 2047 neque

261 2080 353 2126 ego
388 2063 455 2112 ita
489 2073 649 2124 teneo,
680 2063 751 2112 uti
784 2063 842 2123 ei,
878 2062 963 2127 qui
997 2065 1193 2124 docent,
1225 2081 1387 2128 neque
1423 2073 1537 2114 sunt
1572 2063 1676 2112 eius
1710 2063 1914 2126 generis,

261 2153 328 2204 ut,
365 2144 405 2193 si
443 2143 628 2208 optime
666 2153 898 2204 tenerem,
936 2143 1084 2207 digna
1124 2154 1288 2194 essent
1322 2144 1415 2193 ista
1452 2143 1690 2208 sapientia
1725 2160 1784 2192 ac
1820 2143 1916 2192 tuis

259 2223 487 2273 auribus.'
559 2228 571 2250 ‘
586 2224 684 2272 Ain
708 2233 762 2273 tu
777 2226 824 2272 P'
855 2223 1014 2288 inquit
1041 2224 1121 2274 ille
1145 2244 1154 2274 :
1188 2229 1199 2251 ‘
1215 2225 1256 2274 si
1280 2226 1343 2274 de
1368 2224 1470 2274 istis
1495 2223 1843 2274 communibus
1867 2232 1916 2272 et
1941 2241 1988 2282 25

258 2304 528 2368 pervagatis
569 2304 647 2354 vix
687 2304 802 2354 huic
845 2305 992 2355 aetati
1034 2305 1339 2356 audiendum
1380 2315 1537 2370 putas,
1581 2305 1794 2355 etiamne
1834 2304 1917 2354 illa

258 2387 513 2448 neglegere
535 2402 812 2449 possumus,
833 2403 959 2450 quae
978 2395 1031 2435 tu
1050 2386 1229 2436 oratori
1247 2387 1594 2450 cognoscenda
1611 2402 1718 2435 esse
1736 2384 1913 2445 dixisti,

259 2466 322 2514 de
355 2465 537 2514 naturis
567 2466 840 2526 hominum,
871 2468 934 2516 de
967 2465 1199 2526 moribus,
1228 2467 1291 2515 de
1323 2465 1594 2515 rationibus
1623 2464 1707 2525 eis,
1734 2464 1914 2528 quibus

258 2546 516 2595 hominum
535 2557 725 2597 mentes
746 2557 794 2597 et
813 2547 1127 2596 incitarentur
1146 2556 1194 2596 et
1212 2547 1600 2611 reprimerentur,
1619 2547 1682 2596 de
1696 2545 1911 2606 historia,

258 2627 321 2675 de
348 2627 651 2691 antiquitate,
685 2630 748 2694 de
780 2627 1202 2678 administratione
1231 2628 1300 2677 rei
1328 2628 1570 2692 publicae,
1601 2626 1817 2691 denique
1848 2627 1912 2677 de
1938 2643 1989 2684 30

256 2716 424 2756 nostro
454 2708 561 2772 ipso
592 2709 695 2758 iure
725 2708 888 2758 civili?
960 2710 1108 2757 Hanc
1141 2708 1274 2757 enim
1303 2725 1395 2772 ego
1424 2724 1624 2758 ornnem
1657 2706 1912 2757 scientiam

309 2837 362 2876 M
382 2858 416 2870 =
440 2837 492 2875 H
616 2850 640 2875 2
669 2843 782 2876 esset
819 2835 891 2876 H:
922 2849 1040 2876 esses
1078 2835 1163 2875 Lm
1390 2849 1438 2887 17
1478 2842 1521 2876 te
1560 2836 1640 2876 iam
1679 2835 1909 2887 sz’sslmg:

256 2892 380 2931 etiam
401 2891 512 2930 codd.
654 2893 703 2929 18
732 2892 919 2940 graveris
942 2905 1011 2931 m:
1042 2904 1218 2941 gravere
1237 2890 1291 2930 H
1306 2905 1390 2931 rece.
1543 2905 1596 2931 20
1623 2892 1909 2940 maioremque

255 2959 343 2986 recc.
358 2961 375 2990 ,ε
405 2946 641 3001 graviorem
662 2945 714 2982 H
742 2993 746 2995 Δ
874 2946 926 2983 28
956 2946 1010 2999 de
1029 2946 1215 2985 moribus
1237 2973 1247 2985 .
1270 2975 1280 2985 .
1306 2975 1314 2984 .
1336 2945 1554 2985 hominum
1574 2958 1655 2985 om.
1680 2945 1733 2985 M
