2150 3444
101 156 158 193 21
184 154 236 193 88
722 109 791 191 M.
832 142 1042 191 TVLLI
1081 140 1462 192 CICERONIS

261 284 538 332 scentulum
562 281 727 332 audivi
751 298 873 332 voce
908 290 957 332 et
986 282 1142 331 forma
1165 289 1214 330 et
1239 288 1376 330 motu
1402 278 1616 345 corporis
1644 288 1694 330 et
1715 279 1916 345 reliquis

263 363 408 412 rebus
426 363 551 429 aptis
576 365 640 412 ad
666 365 761 413 hoc
786 380 979 424 munuS,
998 364 1062 413 de
1078 378 1180 426 quo
1196 361 1488 426 quaerimuS,
1510 361 1730 413 oratione
1747 370 1915 413 autem

262 443 407 494 celeri
432 453 481 494 et
516 444 773 504 concitata,
802 445 938 507 quod
962 451 1064 494 erat
1094 442 1272 508 ingeni,
1301 451 1350 493 et
1381 441 1540 493 verbis
1565 441 1917 494 effervescenti-

261 525 354 575 bus
401 534 450 576 et
494 527 643 590 paulo
689 524 897 575 nimium
943 524 1348 585 redundantibUS,
1398 525 1535 587 quod
1581 533 1682 577 erat
1725 522 1911 573 aetatis,

262 607 380 656 Non
416 623 526 657 sum
554 616 839 671 aspernatus
859 625 873 668 3
922 608 1035 657 volo
1060 606 1194 657 enirn
1229 622 1282 656 se
1315 606 1481 656 efferat
1512 605 1564 655 in
1598 607 1915 656 adulescente
1938 617 1962 660 5

261 686 565 749 fecunditas3
623 705 741 738 nam
785 687 973 738 facilius
1021 687 1146 740 sicut
1192 687 1243 736 in
1289 686 1470 737 vitibus
1516 695 1804 736 revocantur
1840 703 1915 746 ea,

261 783 389 830 quae
413 784 465 817 se
497 767 706 817 nimium
741 769 1078 832 profuderunt,
1107 770 1270 832 quarn,
1298 767 1339 817 si
1375 766 1497 816 nihil
1520 769 1648 818 valet
1672 765 1915 827 materies,
1982 795 1986 798 ·

262 865 391 898 nova
415 857 659 898 sarmenta
691 850 881 898 cultura
913 843 1184 898 excitantur
1200 867 1214 909 3
1249 848 1367 898 item
1393 850 1506 898 volo
1537 864 1643 898 esse
1671 847 1723 897 in
1750 848 1920 898 adule-

261 937 441 988 scente,
465 930 598 978 unde
621 928 808 992 aliquid
832 938 1084 993 amputem
1105 947 1118 989 3
1153 945 1256 980 non
1280 928 1412 979 enim
1436 937 1598 993 potest
1617 928 1667 977 in
1683 945 1744 978 eo
1767 944 1916 977 sucus

262 1026 369 1058 esse
393 1008 665 1069 diuturnuS,
693 1011 829 1072 quod
859 1009 1006 1070 ,nimis
1031 1008 1347 1060 celeriter'est
1369 1009 1698 1059 maturitatem
1721 1025 1917 1060 exsecu-
1940 1023 1995 1056 10

185 1089 238 1142 89
262 1097 379 1137 tum.
453 1088 570 1139 Vidi
611 1088 775 1138 statim
815 1088 1035 1139 indolem
1076 1105 1239 1154 neque
1279 1088 1444 1140 dimisi
1484 1098 1678 1154 tempus
1714 1098 1765 1146 et
1800 1106 1916 1140 eum

261 1185 371 1217 sum
407 1170 703 1228 cohortatUS,
743 1177 797 1218 ut
837 1170 997 1219 forum
1034 1168 1127 1219 sibi
1161 1170 1336 1219 ludum
1378 1178 1569 1234 putaret
1604 1184 1712 1219 esse
1746 1171 1812 1219 ad
1847 1169 1917 1219 di-

260 1251 514 1310 scendum,
542 1250 826 1314 magistrum
850 1259 1030 1311 autem,
1057 1267 1207 1316 quern
1238 1253 1397 1311 vellet,
1424 1250 1621 1315 eligeret
1639 1267 1654 1312 3
1701 1267 1783 1300 me
1814 1250 1922 1314 qui-

259 1332 375 1379 dem
400 1330 441 1379 si
471 1330 677 1391 audiret,
704 1333 759 1380 L.
789 1332 1020 1382 Crassum
1044 1350 1053 1382 :
1106 1333 1244 1395 quod
1279 1331 1371 1382 iste
1393 1330 1607 1395 adripuit
1638 1339 1687 1385 et
1718 1331 1787 1381 ita
1809 1349 1922 1382 sese

258 1412 501 1462 facturum
538 1411 844 1462 confirmavit
881 1422 1029 1478 atque
1070 1412 1219 1462 etiam
1256 1412 1461 1473 addidit,
1504 1412 1685 1477 gratiae
1731 1412 1917 1463 scilicet
1944 1424 1991 1466 15

257 1509 416 1552 causa,
444 1509 548 1541 ·me
595 1509 796 1557 quoque
843 1493 937 1542 sibi
983 1493 1267 1558 magistrum
1314 1495 1543 1543 futurum.
1616 1492 1712 1542 Vix
1755 1511 1918 1544 annus

258 1572 596 1624 intercesserat
626 1575 690 1623 ab
719 1576 815 1624 hoc
845 1591 1072 1625 sermone
1106 1574 1458 1625 cohortationis
1494 1591 1648 1635 meae,
1674 1591 1789 1624 cum
1824 1574 1920 1625 iste

258 1654 506 1704 accusavit
532 1656 587 1705 C.
625 1656 931 1715 Norbanum,
959 1657 1259 1707 defendente
1289 1673 1399 1707 me:
1448 1673 1552 1706 non
1582 1664 1657 1706 est
1680 1655 1916 1708 credibile

259 1734 380 1798 quid
405 1735 639 1786 interesse
663 1736 785 1787 mihi
809 1736 870 1787 sit
894 1736 1053 1787 visum
1077 1736 1203 1788 inter
1231 1754 1359 1798 eum,
1387 1736 1474 1802 qui
1501 1746 1607 1786 tum
1631 1746 1733 1789 erat
1756 1746 1806 1789 et
1828 1736 1919 1802 qui

257 1832 390 1867 anno
435 1826 550 1867 ante
595 1819 763 1869 fuerat.
854 1818 1077 1869 Omnino
1122 1818 1174 1868 in
1221 1817 1342 1867 illud
1387 1835 1542 1882 genus
1588 1835 1703 1869 eum
1751 1818 1914 1870 Crassi
1939 1837 1993 1868 πο

259 1897 576 1961 magnificum
608 1907 758 1963 atque
793 1901 1096 1964 praeclarum
1128 1908 1301 1949 natura
1331 1899 1438 1963 ipsa
1472 1900 1698 1959 ducebat,
1732 1900 1820 1949 sed
1855 1917 1916 1951 ea

258 1996 360 2028 non
386 1979 500 2028 satis
524 1981 761 2044 proficere
784 1980 1037 2044 potuisset,
1065 1979 1159 2030 nisi
1187 1982 1366 2030 eodem
1399 1979 1564 2030 studio
1587 1990 1735 2044 atque
1758 1979 1918 2030 imita-

171 2104 236 2140 22
259 2059 394 2109 tione
417 2059 709 2110 intendisset
739 2070 889 2125 atque
920 2061 988 2110 ita
1018 2060 1183 2111 dicere
1215 2069 1514 2121 consuesset,
1541 2069 1595 2110 ut
1619 2069 1722 2111 tota
1745 2069 1916 2112 mente.

181 2179 238 2221 90
261 2141 491 2190 Crassum
510 2150 659 2205 atque
677 2141 814 2190 omni
831 2142 998 2191 animo
1017 2141 1296 2192 intueretur.
1359 2144 1490 2205 Ergo
1508 2142 1604 2191 hoc
1622 2141 1684 2191 sit
1697 2141 1912 2206 primurn

259 2219 310 2269 in
347 2222 619 2285 praeceptis
644 2222 777 2281 meis,
806 2232 860 2271 ut
888 2225 1307 2283 demonstremus,
1324 2238 1474 2286 quem
1502 2221 1717 2278 imitetur
1742 2219 1911 2289 [atque
1934 2237 1985 2279 25

256 2299 336 2362 ita,
376 2311 443 2362 ut,
482 2319 608 2366 quae
644 2302 854 2352 maxime
883 2305 1123 2353 excellent
1154 2303 1206 2352 in
1241 2320 1315 2363 e0,
1347 2319 1497 2367 quern
1532 2301 1814 2366 imitabitur,
1851 2320 1912 2352 ea

256 2381 627 2446 diligentissime
665 2382 1038 2451 persequatur];
1091 2393 1197 2432 tum
1234 2385 1440 2434 accedat
1479 2383 1774 2444 exercitatio,
1811 2398 1911 2447 qua

255 2462 405 2523 illum,
434 2480 582 2527 quem
607 2464 854 2528 delegerit,
880 2464 1121 2515 imitando
1145 2466 1342 2530 effingat
1364 2474 1514 2529 atque
1536 2463 1786 2531 exprimat,
1806 2478 1910 2514 non

256 2552 310 2592 ut
334 2545 515 2594 multos
544 2544 813 2595 imitatores
846 2562 993 2611 saepe
1021 2545 1247 2611 cognovi,
1274 2546 1360 2611 qui
1387 2554 1472 2596 aut
1500 2561 1571 2607 ea,
1598 2562 1726 2611 quae
1748 2544 1922 2614 facilia.

310 2672 415 2712 M==
436 2673 571 2713 AEH
627 2688 652 2726 3
674 2676 832 2727 ingeni,
850 2683 978 2717 etm:
1007 2676 1168 2726 ingenii
1185 2675 1262 2716 sed
1279 2675 1355 2715 M:
1386 2675 1569 2739 ingeniis
1585 2681 1628 2717 et
1642 2675 1679 2715 L
1769 2687 1795 2726 7
1813 2687 1906 2727 pro-

257 2726 454 2767 diderunt
473 2728 593 2770 Mm.
633 2732 886 2781 prodierunt
906 2731 959 2770 H
976 2731 1041 2782 (se
1062 2731 1232 2783 omisso)
1441 2733 1468 2769 8
1495 2731 1597 2771 item
1617 2730 1694 2772 M:
1733 2730 1792 2770 ita
1812 2741 1902 2770 recc-

261 2793 305 2818 11
338 2782 563 2821 indocilem
584 2783 637 2822 M
800 2798 849 2824 12
878 2786 931 2824 ad
953 2785 1201 2826 discendum
1220 2785 1364 2837 vulg..
1389 2785 1667 2824 addicendum
1687 2783 1758 2823 A:
1786 2783 1909 2823 delere

256 2835 383 2873 voluit
407 2836 561 2876 Schu'tz
763 2850 814 2888 25
843 2844 1004 2889 atque.
1063 2845 1379 2891 ‚persequatur
1405 2839 1504 2878 delet
1530 2838 1698 2890 ΞεΙιίὶίε,
1721 2844 1780 2890 cp.
1812 2840 1906 2888 §92

257 2889 311 2926 26
339 2890 549 2930 excellant
581 2905 668 2930 recc.
894 2894 947 2932 28
977 2907 1082 2944 seqq.
1113 2907 1198 2933 non
1229 2900 1274 2933 ut
1305 2893 1488 2935 multos.
1548 2892 1906 2943 .diligentissime

257 2949 535 2993 persequatur
554 2955 636 2984 om.
661 2945 713 2982 M
731 2943 847 2985 nulla
867 2946 1016 2985 lacuna
1035 2947 1211 2987 mdicata
