2150 3444
817 152 913 201 DE
949 149 1289 200 ORATORE
1361 152 1415 199 II

266 282 425 355 quam
459 305 563 339 non
605 288 842 340 everterit.
916 289 1015 338 Sed
1057 289 1153 337 hoc
1194 286 1353 336 maius
1395 294 1469 337 est
1505 285 1746 351 quiddam
1789 305 1938 353 quam

268 369 338 420 ab
361 369 455 431 his,
479 369 566 434 qui
589 371 713 420 haec
737 369 937 419 tradunt
960 377 1010 419 et
1033 370 1229 429 docent,
1257 370 1612 432 postulandum
1638 369 1710 418 sit.

342 451 451 514 Ego
473 459 658 512 autem,
683 450 723 501 si
746 467 897 515 quern
928 467 1062 500 nunc
1093 452 1239 515 plane
1271 451 1443 499 rudem
1480 449 1667 499 institui
1691 453 1755 500 ad
1780 450 1944 501 dicen-

266 531 395 582 dum
419 531 584 593 velim,
615 531 692 581 his
726 531 1116 596 potiustradam
1152 530 1372 580 adsiduis
1409 548 1511 581 uno
1546 549 1694 595 opere
1730 534 1942 582 eandem

227 624 252 671 5
272 612 508 663 incudem
543 612 678 663 diem
714 621 1014 676 noctemque
1048 611 1390 673 tundentibus,
1417 612 1502 676 qui
1535 612 1697 662 omnis
1721 613 1944 663 tenuissi-

272 711 380 747 mas
403 693 665 759 particulas
688 703 837 757 atque
862 693 1029 743 omnia
1054 693 1258 742 minima
1283 710 1455 743 mansa
1479 703 1532 743 ut
1557 694 1771 744 nutrices
1790 694 1944 744 infan—

273 776 407 826 tibus
429 775 594 840 pueris
617 774 669 824 in
701 791 757 824 os
790 774 1005 824 inserant
1021 793 1035 836 5
1083 774 1158 823 sin
1195 774 1256 823 sit
1292 773 1346 836 is,
1375 775 1460 839 qui
1493 784 1541 825 et
1573 776 1799 825 doctrina
1822 776 1943 825 mihi

273 856 536 907 liberaliter
558 855 809 905 institutus
843 865 891 906 et
919 856 1086 920 aliquo
1123 857 1218 906 iam
1254 856 1474 906 imbutus
1507 874 1598 906 usu
1631 867 1680 907 et
1704 857 1819 907 satis
1844 857 1944 907 acri

274 937 474 1003 ingenio
514 952 623 988 esse
663 937 901 999 videatur,
938 937 1054 987 illuc
1096 955 1211 988 eum
1252 938 1452 1003 rapiam,
1492 939 1577 989 ubi
1614 956 1716 988 non
1754 940 1945 989 seclusa

202 1034 255 1072 ιο
274 1019 440 1085 aliqua
461 1021 604 1069 acula
628 1028 864 1080 teneatur,
893 1021 982 1069 sed
1007 1014 1141 1070 unde
1167 1020 1449 1071 universum
1474 1023 1660 1071 flumen
1686 1029 1910 1085 erumpat
1930 1038 1944 1081 3

273 1101 361 1167 qui
406 1099 476 1150 illi
523 1100 654 1151 sedis
700 1110 750 1150 et
796 1100 936 1165 quasi
979 1101 1230 1151 domicilia
1269 1102 1494 1151 omnium
1541 1111 1943 1167 argumentorum

273 1191 629 1234 commonstret
675 1192 724 1232 et
770 1200 830 1233 ea
883 1183 1092 1233 breviter
1142 1184 1366 1234 inlustret
1411 1184 1672 1249 verbisque
1723 1183 1939 1234 definiat.

275 1265 414 1329 Quid
459 1264 594 1316 enim
635 1275 723 1325 est,
761 1265 812 1314 in
848 1281 950 1330 quo
997 1252 1210 1327 haereat,
1252 1266 1337 1330 qui
1375 1265 1550 1316 viderit
1597 1284 1763 1328 omne,
1804 1267 1942 1330 quod

274 1356 495 1398 sumatur
518 1347 569 1396 in
594 1346 815 1398 oratione
850 1356 934 1397 aut
962 1349 1026 1398 ad
1058 1349 1372 1412 probandum
1405 1358 1490 1398 aut
1513 1350 1577 1398 ad
1602 1350 1940 1408 refellendum,

203 1448 252 1490 ¹5
273 1438 359 1479 aut
383 1446 443 1479 ex
465 1446 518 1478 re
540 1446 628 1478 sua
652 1428 780 1478 sumi
806 1429 851 1478 vi
876 1438 1025 1494 atque
1053 1439 1227 1480 natura
1260 1439 1345 1479 aut
1378 1430 1573 1480 adsumi
1597 1429 1754 1480 foris?
1825 1426 1943 1496 [Ex]

275 1528 364 1561 sua
394 1510 459 1573 vi,
487 1528 602 1561 cum
635 1521 720 1560 aut
752 1528 828 1562 res
861 1528 989 1576 quae
1024 1511 1086 1561 sit
1119 1521 1223 1562 tota
1255 1521 1532 1576 quaeratur,
1560 1521 1644 1562 aut
1675 1528 1786 1581 pars
1822 1510 1942 1572 eius,

274 1602 360 1643 aut
383 1593 681 1643 vocabulum
713 1595 851 1657 quod
883 1594 1077 1654 habeat,
1104 1603 1189 1643 aut
1217 1593 1490 1658 quippiam,
1515 1611 1618 1643 rem
1646 1593 1779 1642 illam
1806 1593 1944 1656 quod

274 1674 481 1740 attingat
496 1692 511 1737 3
536 1675 851 1725 extrinsecus
883 1684 1062 1735 autern,
1091 1693 1205 1725 cum
1230 1693 1302 1736 ea,
1329 1692 1457 1739 quae
1489 1685 1603 1724 sunt
1635 1674 1751 1724 soris
1780 1691 1944 1738 neque

274 1758 479 1807 haerent
515 1756 568 1806 in
605 1756 674 1807 rei
711 1766 897 1817 natura,
938 1756 1262 1820 conliguntur.
1336 1757 1387 1806 Si
1425 1773 1500 1806 res
1541 1765 1646 1806 tota
1680 1755 1939 1820 quaeritur,

202 1856 256 1887 20
275 1838 568 1889 definitione
614 1838 841 1889 universa
880 1838 952 1888 vis
991 1838 1283 1902 explicanda
1322 1847 1410 1898 est,
1454 1837 1552 1887 sic:
1606 1837 1675 1887 ‘si
1716 1836 1945 1887 maiestas

276 1929 351 1971 est
380 1920 659 1985 amplitudo
686 1937 744 1970 ac
780 1919 992 1984 dignitas
1022 1919 1243 1979 civitatis,
1271 1920 1312 1969 is
1341 1937 1452 1970 eam
1484 1919 1676 1980 minuit,
1703 1919 1788 1983 qui
1818 1935 1948 1969 exer-

274 2002 429 2052 citum
453 2001 680 2053 hostibus
704 2001 876 2067 populi
902 2001 1118 2053 Romani
1147 2001 1360 2062 tradidit,
1389 2018 1492 2052 non
1517 2001 1603 2065 qui
1627 2019 1755 2062 eum,
1784 2001 1869 2065 qui
1894 2001 1946 2051 id

274 2083 483 2144 fecisset,
510 2083 683 2149 populi
709 2083 927 2134 Romani
955 2083 1187 2148 potestati
1220 2082 1451 2133 tradidit!
1521 2083 1607 2133 Sin
1643 2100 1768 2148 parS,
1803 2083 1946 2148 parti-

276 2164 427 2226 tione,
469 2166 568 2215 hoc
614 2166 798 2215 modo:
852 2169 962 2214 ‘aut
1009 2164 1200 2215 senatui
1247 2165 1523 2229 parendum
1570 2165 1635 2214 de
1682 2166 1837 2214 salute
1877 2163 1947 2214 rei

203 2264 254 2308 ²5
275 2246 506 2312 publicae
552 2247 644 2296 fuit
688 2256 775 2297 aut
819 2246 955 2297 aliud
1006 2246 1268 2297 consilium
1323 2246 1683 2297 instituendum
1729 2255 1814 2295 aut
1860 2263 1949 2295 sua

277 2337 456 2393 sponte
496 2329 812 2391 faciendum;
857 2329 993 2380 aliud
1026 2328 1301 2388 consilium,
1339 2328 1638 2393 superbum3
1680 2345 1837 2388 suurn,
1866 2330 1949 2378 ad-

276 2427 488 2475 rogans3
545 2412 788 2461 utendum
848 2410 992 2475 igitur
1049 2411 1141 2460 fuit
1200 2410 1407 2460 consilio
1466 2413 1694 2461 senatus.'
1778 2410 1830 2460 Si
1887 2427 1948 2460 ex

276 2492 534 2553 vocabulo,
579 2501 634 2542 ut
675 2493 869 2544 Carbo:
923 2492 989 2542 ‘si
1031 2494 1204 2543 consul
1243 2500 1329 2552 est,
1369 2491 1454 2556 qui
1492 2491 1704 2542 consulit
1744 2491 1941 2556 patriae,

278 2573 401 2638 quid
428 2573 565 2624 aliud
596 2573 712 2625 fecit
741 2574 1032 2639 Opimius?'
1103 2574 1189 2624 Sin
1225 2575 1290 2624 ab
1325 2591 1400 2635 eo,
1428 2576 1565 2638 quod
1597 2591 1700 2624 rem
1736 2574 1941 2639 attingit,

203 2674 258 2716 30
278 2657 444 2721 plures
475 2664 589 2706 sunt
617 2664 1017 2721 argumentorum
1053 2658 1196 2707 sedes
1227 2673 1286 2706 ac
1317 2655 1427 2715 loci,
1455 2673 1570 2706 nam
1604 2664 1652 2706 et
1681 2656 1947 2707 coniuncta

333 2782 387 2824 M
404 2804 439 2819 =
460 2785 598 2824 ΑΕΗ
756 2798 781 2824 2
810 2792 856 2825 ut
875 2786 927 2826 ab
947 2786 1015 2826 his
1036 2785 1073 2824 L
1225 2788 1252 2826 6
1281 2799 1428 2826 mansa
1448 2799 1532 2826 om.
1555 2785 1593 2824 L
1705 2791 1750 2825 ut
1770 2787 1888 2827 aiunt
1908 2786 1947 2825 L

281 2852 305 2892 7
333 2841 407 2891 qui
428 2846 472 2880 et
491 2838 555 2880 L:
603 2840 707 2892 quid
735 2841 790 2881 de
816 2842 923 2880 sive:
961 2841 1034 2891 qui
1055 2841 1108 2880 de
1134 2839 1229 2879 Mm
1342 2841 1443 2880 mihi
1464 2854 1546 2880 om.
1572 2840 1625 2879 M
1818 2854 1865 2890 14
1893 2843 1947 2882 ad

278 2896 544 2947 probandum
564 2902 638 2936 aut
666 2896 719 2935 ad
741 2909 823 2938 om.
846 2894 900 2933 M
913 2909 923 2935 e
951 2901 1024 2934 aut
1053 2895 1315 2946 probandum
1336 2901 1408 2935 aut
1438 2894 1728 2946 repellendum
1749 2895 1948 2935 Friedrich

266 2964 338 3015 ⁴25>
365 2950 429 2990 vis
451 2963 534 3044 οηΜι.
554 2948 610 2989 M
727 2962 781 3001 23
809 2951 886 2991 sed
907 2950 950 2990 in
971 2950 1202 3003 partitione
1223 2947 1277 2989 M
1397 2951 1450 2990 28
1480 2950 1641 2990 Carvos
1664 2951 1702 2989 ei
1724 2949 1777 2989 M
1895 2964 1948 3002 29

276 3015 350 3047 'sm
369 3018 453 3046 om.

1961 151 2027 212 38
2055 150 2125 201 ‘16'1

1966 419 2037 470 39

1971 484 2045 524 162

1971 1270 2047 1325 163

1969 1764 2049 1820 164

1972 2089 2050 2142 165

1972 2583 2051 2627 166
