2112 3444
115 149 227 203 518.

185 462 231 503 ι9

188 1510 231 1540 21

189 1914 235 1942 22

709 144 779 192 M.
819 144 1029 191 TVLLI
1068 142 1450 193 CICERONIS

255 279 348 330 nisi
373 289 538 331 custos
562 280 772 332 inventis
801 281 1122 345 cogitatisque
1153 282 1298 331 rebus
1331 291 1379 331 et
1411 281 1570 331 verbis
1600 281 1905 342 adhibeatur,

255 360 581 425 intellegimus
606 362 786 422 omnia,
808 362 954 412 etiam
974 362 1013 412 si
1037 362 1420 425 praeclarissima
1437 361 1614 411 fuerint
1632 361 1683 411 in
1702 371 1907 422 oratore,

255 442 479 509 peritura.
553 444 719 504 Quam
756 443 822 492 ob
854 460 957 492 rem
990 442 1151 493 mirari
1183 442 1480 503 desinamuS,
1507 459 1634 506 quae
1666 459 1814 492 causa
1847 441 1910 492 sit

257 523 594 587 eloquentium
619 523 890 586 paucitatis,
912 540 1026 572 cum
1045 540 1104 572 ex
1122 523 1191 572 eis
1209 523 1354 573 rebus
1374 522 1609 572 universis
1629 521 1911 587 eloquentia

256 613 461 664 constet,
488 603 539 652 in
564 603 744 667 quibus
774 604 974 667 singulis
1004 604 1253 653 elaborare
1284 621 1606 668 permagnum
1639 613 1726 665 est,
1751 605 1911 653 horte·
1933 621 1956 663 5

257 701 464 748 murque
504 684 668 748 potius
707 684 885 735 liberos
927 693 1120 734 nostros
1156 694 1463 748 ceterosque,
1508 701 1718 749 quorum
1758 682 1912 748 gloria

258 765 401 815 nobis
449 774 497 814 et
543 765 753 828 dignitas
801 782 912 815 cara
957 775 1043 826 est,
1093 774 1146 814 ut
1192 765 1359 815 animo
1404 765 1474 815 rei
1520 764 1911 829 magnitudinem

258 849 647 911 complectantur
687 863 849 910 neque
887 846 956 896 eis
993 855 1077 896 aut
1114 846 1386 911 praeceptis
1426 855 1511 896 aut
1550 845 1790 910 magistris
1827 854 1912 895 aut

259 928 699 988 exercitationibus,
728 927 906 991 quibus
930 937 1133 977 utuntur
1157 944 1345 988 omnes,
1372 929 1460 977 sed
1483 926 1589 978 aliis
1613 926 1911 992 quibusdam

259 1028 312 1060 se
352 1010 404 1059 id
445 1011 581 1073 quod
616 1018 862 1073 expetunt,
901 1009 1138 1072 consequi
1173 1025 1318 1072 posse
1354 1010 1618 1058 confidant.
1691 1010 1767 1058 Ac
1802 1023 1914 1056 mea

259 1090 461 1154 quidem
491 1090 733 1139 sententia
764 1106 912 1139 nemo
947 1089 1125 1154 poterit
1157 1106 1264 1139 esse
1293 1089 1429 1139 omni
1461 1090 1607 1139 laude
1636 1089 1913 1138 cumulatus

259 1180 433 1231 orator,
478 1170 571 1220 nisi
617 1170 705 1220 erit
751 1170 975 1220 omnium
1015 1187 1175 1220 rerum
1223 1187 1509 1234 magnarum
1549 1178 1697 1234 atque
1736 1167 1914 1218 artium

260 1251 514 1302 scientiam
534 1261 827 1302 consecutus
847 1271 856 1301 z
887 1251 1069 1302 etenim
1089 1269 1151 1301 ex
1165 1268 1326 1301 rerum
1346 1251 1626 1315 cognitione
1644 1251 1914 1300 efflorescat

259 1342 307 1382 et
338 1334 581 1383 redundet
617 1343 809 1397 oportet
844 1333 1010 1383 oratio.
1085 1335 1241 1395 Quae,
1279 1332 1373 1382 nisi
1407 1349 1481 1382 res
1518 1340 1591 1381 est
1624 1331 1689 1380 ab
1724 1339 1915 1380 oratore

259 1423 490 1477 percepta
530 1423 578 1463 et
619 1414 827 1477 cognita,
866 1414 1064 1463 inanem
1106 1415 1356 1477 quandam
1391 1413 1541 1462 habet
1582 1411 1914 1462 elocutionem

260 1505 322 1545 etv
354 1511 511 1559 paene
551 1494 826 1558 puerilem·
876 1497 1054 1558 Neque
1094 1511 1209 1543 vero
1251 1510 1342 1557 ego
1383 1495 1480 1542 hoc
1520 1501 1712 1541 tantum
1753 1490 1916 1541 oneris

259 1576 513 1639 imponam
538 1575 715 1625 nostris
739 1575 1023 1639 praesertim
1047 1574 1320 1625 oratoribus
1345 1574 1395 1623 in
1424 1576 1518 1623 hac
1545 1582 1682 1622 tanta
1709 1588 1917 1637 occupa-

259 1657 394 1707 tione
418 1656 551 1706 urbis
576 1673 634 1705 ac
657 1656 798 1716 vitae,
826 1656 947 1705 nihil
971 1665 1026 1705 ut
1054 1656 1123 1706 eis
1151 1665 1322 1720 putem
1347 1655 1492 1705 licere
1519 1654 1721 1715 nescire,
1749 1670 1917 1719 quam·

260 1754 409 1801 quam
463 1737 535 1786 vis
588 1737 791 1787 oratoris
842 1736 1179 1800 professioque
1232 1736 1339 1800 ipsa
1393 1736 1521 1785 bene
1569 1733 1770 1785 dicendi
1802 1724 1915 1783 *hoc

261 1816 506 1879 suscipere
541 1833 599 1865 ac
633 1815 852 1879 polliceri
886 1816 1091 1876 videtur,
1119 1825 1173 1865 ut
1208 1815 1344 1865 omni
1380 1817 1444 1865 de
1479 1832 1543 1875 re,
1571 1829 1916 1878 quaecumque

261 1896 322 1946 sit
356 1897 620 1960 proposita,
656 1906 826 1946 ornate
860 1897 924 1946 ab
960 1914 1020 1947 eo
1056 1897 1356 1960 copioseque
1391 1896 1592 1946 dicatur.
1666 1896 1766 1945 Sed
1801 1893 1917 1958 quia

262 1994 363 2027 non
410 1977 585 2026 dubito
633 1977 751 2041 quin
799 1979 895 2027 hoc
941 1969 1199 2053 plerisquel
1230 1977 1528 2026 immensum
1570 1975 1918 2038 infinitumque

260 2058 494 2117 videatur,
533 2067 581 2107 et
617 2060 753 2122 quod
789 2060 1004 2108 Graecos
1039 2059 1266 2109 homines
1302 2075 1404 2108 non
1440 2059 1600 2107 solum
1635 2055 1834 2120 ingenio
1869 2064 1918 2104 et

262 2139 498 2199 doctrina,
530 2140 618 2188 sed
653 2139 800 2188 etiam
836 2139 939 2189 otio
974 2140 1237 2204 studioque
1271 2138 1570 2189 abundantis
1604 2137 1918 2202 partitionem

263 2220 360 2270 iam
386 2221 636 2283 quandam
660 2219 836 2269 artium
860 2220 1034 2271 fecisse
1057 2221 1203 2272 video
1229 2237 1391 2285 neque
1414 2220 1465 2269 in
1489 2219 1717 2269 universo
1740 2234 1919 2282 genere

264 2301 481 2364 singulos
528 2301 817 2361 elaborasse,
861 2303 949 2351 sed
997 2302 1273 2366 seposuisse
1318 2319 1348 2351 a
1394 2300 1566 2351 ceteris
1617 2298 1918 2350 dictionibus

265 2398 375 2431 eam
414 2390 603 2445 partem
644 2381 857 2442 dicendi,
903 2400 1030 2446 quae
1070 2382 1121 2431 in
1163 2382 1438 2432 forensibus
1479 2379 1919 2444 disceptationibus

264 2460 559 2512 iudiciorum
582 2471 666 2512 aut
691 2462 1101 2513 deliberationum
1125 2472 1407 2523 versaretur,
1434 2471 1483 2512 et
1506 2461 1559 2511 id
1582 2477 1738 2511 unum
1765 2475 1920 2525 genus

265 2542 443 2593 oratori
483 2543 736 2607 reliquisse
752 2563 767 2606 3
818 2562 919 2595 non
961 2547 1259 2608 complectar
1299 2544 1350 2593 in
1390 2543 1467 2593 his
1513 2542 1647 2592 libris
1692 2539 1917 2605 ampliuS,

266 2639 414 2686 quarn
456 2626 592 2687 quod
630 2626 745 2675 huic
782 2626 947 2689 generi
985 2643 1035 2675 re
1076 2626 1297 2690 quaesita
1333 2635 1382 2675 et
1422 2626 1632 2674 multum
1674 2622 1920 2686 disputata

195 2723 244 2763 23
267 2720 571 2753 summorum
608 2706 867 2756 hominum
902 2723 1056 2770 prope
1092 2723 1337 2756 consensu
1373 2715 1447 2756 est
1481 2705 1718 2755 tributum
1735 2721 1750 2765 3
1788 2715 1921 2766 repe-

266 2793 466 2848 tamque
518 2803 618 2835 non
670 2788 735 2836 ab
787 2787 1098 2837 incunabulis
1150 2797 1345 2837 nostrae
1398 2786 1573 2836 veteris
1622 2783 1919 2849 puerilisque

323 2914 377 2953 M
386 2934 419 2947 =
433 2914 524 2954 HE
659 2928 677 2954 1
709 2917 902 2966 cogitatis
919 2916 1028 2957 codd.
1050 2930 1058 2955 :
1089 2915 1241 2966 cogitis
1260 2916 1313 2956 H
1317 2916 1327 2939 ¹
1349 2931 1358 2955 :
1387 2914 1568 2966 cognitis
1587 2913 1734 2954 Pearce
1870 2925 1920 2953 10

268 2982 316 3008 se
336 2969 377 3007 id
397 2969 433 3008 L
452 2983 461 3008 ε
490 2983 558 3009 om
591 2968 645 3008 M
661 2969 796 3019 (habet
813 2971 980 3010 litumm
995 2970 1062 3023 H>
1221 2983 1270 3020 14
1299 2969 1380 3010 nisi
1402 2982 1471 3009 res
1495 2975 1561 3009 est
1578 2967 1732 3009 Victor:
1762 2966 1843 3007 nisi
1862 2967 1917 3007 sit

267 3024 348 3063 sive
365 3023 452 3063 sint
471 3022 578 3063 codd.
601 3037 609 3064 :
640 3025 721 3064 nisi
740 3025 885 3065 subest
904 3038 972 3065 res
993 3025 1029 3064 L
1067 3025 1139 3077 (cp.
1158 3028 1178 3074 ξ
1200 3030 1271 3075 50)
1752 3021 1755 3023 μ

1938 1023 1987 1054 10

1939 1429 1988 1471 ¹5

1940 1829 1992 1859 20

1943 2231 1990 2273 ²5

1943 2631 1996 2674 30
