2112 3444
753 177 849 224 DE
885 175 1225 225 ORATORE
1261 177 1285 223 1
1898 185 2022 237 1462

213 315 384 367 oenate
418 315 483 365 de
515 314 680 365 alieno
716 312 922 363 artificio
958 312 1258 377 copioseque
1289 311 1521 374 dixisset5
1561 329 1724 376 neque
1755 330 1871 364 vero

212 393 547 458 AsclepiadeS,
583 393 625 443 is
659 409 762 457 quo
796 408 889 442 nos
924 392 1121 443 medico
1160 391 1422 456 amicoque
1459 391 1534 441 usi
1572 409 1741 442 sumus
1767 401 1871 441 tum

212 473 496 539 eloquentia
517 473 747 524 vincebat
771 481 960 523 ceteros
985 472 1220 532 medi005‚
1241 471 1292 520 in
1317 488 1378 521 eo
1402 472 1524 535 ip50,
1546 473 1682 535 quod
1702 481 1872 522 ornate

212 554 423 614 dicebat,
471 553 750 604 medicinae
795 554 1027 602 facultate
1084 553 1326 612 utebatur,
1383 568 1485 601 non
1543 552 1867 615 eloquentiae.

163 650 188 692 5
211 636 379 699 Atque
423 633 547 684 illud
593 643 667 684 est
713 633 1029 698 probabiliuS,
1079 649 1242 696 neque
1288 641 1454 681 tamen
1501 648 1684 691 verum,
1734 633 1871 696 quod
1894 635 1947 686 63

209 715 436 765 Socrates
459 714 624 765 dicere
648 715 852 774 solebat,
878 713 1041 764 omnis
1065 713 1115 762 in
1141 730 1215 772 eo,
1242 714 1380 776 quod
1404 711 1596 772 scirent,
1624 712 1739 762 satis
1764 729 1871 762 esse

210 794 488 859 eloquentis
504 813 520 856 ,-
566 794 691 845 illud
718 794 893 854 veriuS,
925 810 1088 857 neque
1120 809 1422 857 quemquam
1455 792 1506 841 in
1539 809 1601 842 eo
1633 792 1869 842 disertum

209 891 317 926 esse
339 891 500 940 posse,
526 878 665 940 quod
696 875 896 936 nesciat,
923 892 1099 939 neque,
1127 875 1167 925 si
1199 875 1386 939 optime
1418 874 1539 924 sciat
1575 874 1870 938 ignarusque

209 954 272 1005 sit
307 955 570 1007 faciundae
603 974 663 1007 ac
703 957 966 1021 poliendae
1000 956 1249 1015 orationiS,
1288 955 1468 1006 diserte
1504 955 1556 1005 id
1591 955 1767 1019 ipsum,
1806 957 1869 1006 de

137 1046 187 1082 ιο
208 1052 311 1101 quo
341 1036 477 1098 sciat,
504 1054 651 1102 posse
685 1037 862 1089 dicere.
936 1039 1103 1100 Quam
1136 1037 1204 1087 ob
1235 1053 1352 1096 rem,
1380 1036 1420 1086 si
1453 1036 1563 1100 quis
1592 1036 1867 1086 universam
1892 1026 1947 1076 ¹5

208 1124 259 1166 et
302 1117 550 1182 propriam
596 1119 801 1170 oratoris
847 1118 947 1168 vim
993 1117 1199 1168 definire
1246 1116 1608 1181 complectique
1662 1119 1778 1178 vult,
1828 1117 1869 1167 is
1892 1092 1945 1140 ⁶⁴

207 1205 372 1248 orator
393 1198 484 1248 erit
507 1215 619 1249 mea
649 1199 898 1250 sententia·
917 1201 1014 1249 hoc
1038 1208 1139 1248 tam
1163 1198 1295 1262 gravi
1320 1198 1498 1261 dignus
1522 1198 1739 1259 nomine,
1766 1199 1887 1263 quiff

206 1296 552 1347 quaecumque
597 1300 674 1333 res
720 1283 961 1344 inciderit,
1009 1300 1138 1347 quae
1190 1284 1252 1333 sit
1297 1283 1516 1333 dictione
1562 1283 1866 1347 explicanda,

207 1363 473 1425 prudenter
506 1372 557 1414 et
591 1364 866 1428 composite
901 1374 950 1414 et
987 1373 1158 1414 ornate
1193 1373 1242 1414 et
1274 1364 1555 1414 memoriter
1589 1364 1720 1413 dicet
1753 1380 1867 1413 cum

135 1462 184 1506 ¹⁵
206 1443 423 1506 quadam
446 1443 654 1495 actionis
679 1445 827 1495 etiam
851 1444 1100 1508 dignitate.
1174 1445 1260 1495 Sin
1294 1445 1508 1509 cuipiam
1541 1444 1686 1494 nimis
1711 1444 1868 1494 infini-
1890 1450 1941 1503 65

206 1530 314 1572 tum
345 1523 550 1584 videtur,
576 1527 716 1589 quod
753 1525 821 1575 ita
851 1526 994 1590 posui
1024 1530 1364 1589 ‘quacumque
1399 1527 1463 1575 de
1498 1528 1580 1585 re,'
1604 1525 1718 1575 licet
1750 1525 1867 1575 hinc

205 1611 447 1665 quantum
466 1604 645 1669 cuique
662 1605 907 1656 videbitur
925 1606 1415 1669 circumcidat-atque
1438 1615 1673 1670 amputet,
1700 1615 1865 1656 tamen

205 1681 329 1733 illud
362 1685 560 1746 tenebo,
598 1685 653 1746 si,
693 1701 822 1750 quae
859 1687 1032 1736 ceteris
1069 1687 1121 1736 in
1158 1687 1343 1736 artibus
1381 1695 1530 1750 atque
1567 1686 1742 1737 studiis
1774 1686 1867 1736 sita

203 1771 334 1823 sunt,
381 1773 545 1815 orator
590 1764 781 1829 ignoret
826 1775 1118 1830 tantumque
1164 1783 1224 1816 ea
1269 1775 1448 1827 teneat,
1497 1783 1624 1830 quae
1671 1766 1768 1816 sint
1813 1767 1865 1815 in

131 1863 183 1894 πο
201 1841 645 1908 disceptationibus
689 1855 840 1910 atque
886 1864 979 1897 usu
1026 1847 1220 1907 forensi,
1270 1856 1436 1897 tamen
1484 1847 1560 1898 his
1607 1849 1671 1898 de
1718 1848 1865 1899 rebus

201 1921 321 1987 ipsis
354 1923 397 1973 si
427 1923 491 1974 sit
521 1925 566 1975 ei
601 1925 886 1987 dicendum,
914 1944 1028 1976 cum
1062 1927 1345 1991 cognoverit
1367 1929 1434 1977 ab
1457 1928 1541 1988 eiS,
1568 1929 1653 1992 qui
1677 1938 1862 1989 tenent,

200 2019 330 2067 quae
351 2003 452 2055 sint
474 2004 526 2055 in
550 2022 750 2071 quaque
774 2024 838 2068 re,
866 2010 1023 2058 multo
1056 2017 1298 2058 oratorem
1338 2008 1514 2059 melius
1547 2026 1697 2073 quarn
1730 2010 1864 2073 ipsos

200 2082 325 2146 illos,
362 2100 575 2150 quorum
613 2103 701 2136 eae
739 2087 836 2137 sint
873 2097 1014 2148 artes,
1042 2105 1150 2138 esse
1187 2088 1447 2139 dicturum.
1523 2091 1601 2139 Ita
1637 2090 1678 2140 si
1714 2092 1777 2140 de
1813 2107 1864 2139 re
1887 2101 1940 2142 66

200 2164 397 2216 militari
433 2166 704 2218 dicendum
743 2168 860 2219 huic
892 2169 982 2219 erit
1020 2169 1253 2234 Sulpicio,
1292 2179 1493 2234 quaeret
1533 2187 1564 2220 a
1604 2172 1659 2221 C.
1701 2171 1864 2221 Mario

126 2263 179 2307 ²5
197 2245 353 2296 adfini
398 2256 568 2298 nostro
609 2257 672 2308 et,
716 2265 831 2298 cum
871 2249 1129 2314 acceperit,
1173 2249 1242 2299 ita
1282 2249 1632 2313 pronuntiabit,
1675 2259 1729 2299 ut
1770 2250 1863 2314 ipsi

198 2326 257 2377 C.
293 2326 457 2377 Mario
492 2344 650 2392 paene
685 2328 767 2378 hic
802 2329 978 2380 melius
1011 2345 1161 2393 quam
1198 2330 1303 2393 ipse
1339 2329 1423 2379 illa
1453 2329 1576 2380 scire
1611 2330 1833 2380 videatur
1847 2349 1863 2391 ς

196 2405 276 2457 sin
299 2407 364 2456 de
386 2406 492 2457 iure
514 2407 658 2469 civili,
679 2418 845 2459 tecum
870 2410 1272 2469 communicabit,
1300 2419 1349 2459 te
1373 2410 1627 2460 hominem
1653 2412 1862 2474 pruden-

197 2485 443 2537 tissimum
483 2497 533 2539 et
569 2489 919 2554 peritissimum
959 2491 1011 2540 in
1049 2491 1119 2542 eis
1161 2491 1279 2556 ipsis
1319 2491 1481 2551 rebuS,
1519 2508 1642 2555 quas
1682 2492 1771 2541 abs
1811 2500 1860 2541 te

196 2566 438 2628 didicerit,
464 2567 664 2619 dicendi
699 2579 801 2619 arte
836 2570 1097 2634 superabit.
1175 2572 1263 2620 Sin
1290 2587 1418 2634 quae
1443 2587 1519 2620 res
1542 2570 1782 2631 inciderit,
1808 2570 1859 2621 in
1882 2581 1934 2635 ⁶7

124 2662 299 2712 aequa
337 2649 402 2698 de
442 2658 628 2710 natura,
673 2651 738 2699 de
782 2650 911 2700 vitiis
952 2651 1228 2712 hominum,
1266 2652 1331 2700 de
1379 2651 1746 2715 cupiditatibuS,
1795 2652 1860 2702 de

195 2727 365 2787 modo,
399 2729 464 2778 de
501 2728 819 2789 continentia,
859 2731 923 2779 de
963 2731 1148 2789 dolore,
1174 2732 1239 2780 de
1280 2741 1439 2781 morte
1473 2731 1744 2782 dicendum
1780 2733 1854 2791 sit,

193 2807 411 2868 forsitan,
454 2807 495 2857 si
537 2808 582 2857 ei
623 2808 684 2858 sit
724 2808 1061 2870 visum,—-etsi
1098 2812 1222 2859 haec
1262 2810 1466 2873 quidem
1513 2828 1661 2861 nosse
1707 2812 1857 2862 debet

192 2942 196 2945 ’
244 2943 438 2985 M=HE
599 2960 624 2986 2
653 2951 740 2986 tum
760 2945 833 2987 M:
864 2959 958 2987 cum
987 2955 1055 2987 m:
1087 2953 1175 2986 tum
1200 2959 1295 2987 cum
1314 2947 1352 2987 L
1522 2960 1572 2999 13
1600 2960 1668 2988 res
1691 2960 1776 2989 om.
1805 2948 1859 2987 M

193 3010 249 3040 no
274 3000 345 3040 his
362 3013 450 3039 recc.
468 3013 479 3041 ε
511 3000 561 3040 iis
580 2999 738 3041 HE¹L.
906 3014 958 3052 27
988 3007 1031 3041 te
1051 2999 1127 3040 M:
1157 3006 1285 3052 teque
1305 3000 1343 3040 L
1847 2999 1851 3005 ’

248 3077 330 3108 erc.
350 3078 407 3108 mi
427 3078 553 3108 oium
1664 3071 1690 3110 2
