2150 3444
96 164 165 224 89
182 171 261 223 362

179 955 255 1009 363

180 1601 262 1654 364

746 165 815 212 M.
855 165 1066 212 TVLLI
1103 164 1487 215 CICERONIS

286 316 615 365 magnamque
640 300 729 351 tibi
755 302 996 350 habemus
1020 301 1223 365 gratiam
1245 319 1259 359 3
1294 310 1343 351 et
1367 317 1482 350 cum
1505 302 1863 354 humanitatem
1887 312 1937 355 et

282 381 565 431 facilitatem
582 382 894 445 agnoscimus
918 391 1068 443 tuam,
1087 391 1193 431 tum
1211 381 1509 431 admiramur
1523 382 1666 432 istam
1682 384 1938 435 scientiam

282 470 332 511 et
355 463 561 527 copiam.
637 463 884 526 Equidem
910 463 1058 512 etiam
1093 465 1190 513 hoc
1219 481 1300 513 me
1323 465 1614 513 adsecutum
1637 473 1774 528 pute,
1800 467 1938 530 quod
2011 462 2012 465 '

283 559 464 607 magno
488 561 598 593 sum
622 546 809 593 levatus
829 561 989 594 errore
1007 553 1056 594 et
1080 544 1162 594 illa
1185 544 1510 594 admiratione
1533 544 1779 606 liberatuS,
1799 547 1938 610 quod

282 623 449 672 multis
479 641 593 673 cum
627 624 733 673 aliis
770 642 963 688 semper
997 625 1227 674 admirari
1262 626 1497 686 solebam,
1535 627 1671 676 unde
1699 635 1827 677 esset
1854 626 1937 678 illa
1958 643 1984 687 5

284 712 419 753 tanta
443 713 527 753 tua
551 704 602 752 in
627 704 785 754 causis
812 705 1039 754 divinitas
1056 724 1070 766 3
1111 723 1205 755 nec
1227 706 1363 772 ‘enim
1387 715 1436 755 te
1460 706 1553 755 ista
1575 706 1793 771 attigisse
1815 708 1939 757 arbi-

282 785 456 844 trabar,
492 801 619 848 quae
655 785 1025 848 diligentissime
1057 803 1298 850 cognosse
1333 796 1382 836 et
1414 787 1635 851 undique
1667 788 1938 852 conlegisse

283 881 474 928 usuque
499 867 703 914 doctum
718 865 894 929 partim
911 866 1176 916 correxisse
1190 867 1350 927 video,
1369 867 1545 931 partim
1564 869 1914 932 comprobasse
1921 888 1936 933 3

283 962 445 1010 neque
470 963 530 995 eo
555 946 717 995 minus
741 947 1076 1010 eloquentiam
1112 956 1248 997 tuam
1272 957 1321 997 et
1350 950 1506 997 multo
1531 949 1684 1013 magis
1707 949 1936 1000 virtutem

282 1035 331 1075 et
360 1026 664 1090 diligentiam
689 1027 904 1077 admiror
928 1037 977 1077 et
1002 1028 1147 1077 simul
1170 1030 1364 1091 gaudeo
1388 1028 1627 1078 iudicium
1650 1029 1803 1079 animi
1838 1031 1936 1080 mei
1963 1049 2014 1078 ιο

282 1107 605 1171 comprobari,
625 1109 762 1170 quod
786 1124 980 1172 semper
1003 1109 1150 1157 statui
1173 1109 1423 1158 neminem
1447 1109 1714 1172 sapientiae
1737 1112 1936 1161 laudem

282 1196 331 1237 et
355 1188 667 1252 eloquentiae
692 1188 798 1238 sine
822 1206 1019 1239 summo
1050 1190 1216 1239 studio
1239 1198 1288 1239 et
1311 1191 1479 1239 labore
1503 1199 1553 1238 et
1577 1190 1800 1240 doctrina
1825 1209 1939 1242 con-

282 1268 421 1332 sequi
445 1285 604 1332 posse.
663 1271 763 1319 Sed
787 1278 954 1319 tamen
982 1270 1222 1334 quidnam
1246 1279 1320 1320 est
1345 1267 1443 1337 [id]
1469 1272 1607 1334 quod
1632 1270 1795 1321 dixisti
1817 1274 1935 1333 fore,

282 1358 337 1398 ut
360 1349 451 1398 tibi
478 1349 859 1413 ignosceremuS,
886 1350 927 1400 si
959 1367 1325 1415 cognossemuS,
1353 1367 1480 1415 quae
1511 1360 1562 1401 te
1594 1368 1741 1402 causa
1770 1353 1821 1402 in
1845 1370 1940 1404 ser-

283 1447 485 1479 monem
521 1431 833 1494 impulisset?
891 1433 1034 1493 Quae
1069 1441 1143 1481 est
1177 1432 1310 1482 enim
1344 1432 1440 1481 alia
1476 1448 1636 1494 causa,
1670 1433 1764 1483 nisi
1799 1436 1939 1498 quod
1963 1449 2010 1491 15

283 1510 427 1561 nobis
466 1519 515 1560 et
554 1513 733 1561 horum
769 1512 1162 1563 adulescentium
1196 1513 1375 1573 studio,
1413 1512 1499 1577 qui
1533 1522 1583 1563 te
1615 1514 1940 1566 attentissime

282 1591 558 1652 audierunt,
602 1609 791 1642 morem
825 1604 992 1657 gerere
1031 1593 1291 1644 voluisti?'
1364 1596 1497 1643 Tum
1538 1594 1622 1644 ille
1661 1596 1939 1646 ‘adimere'

263 1673 482 1737 inquit‘
500 1689 703 1723 omnem
726 1674 1087 1724 recusationem
1115 1676 1294 1725 Crasso
1318 1675 1463 1734 volui,
1492 1691 1641 1743 quem
1674 1693 1765 1741 ego
1788 1679 1939 1742 paulo

282 1764 397 1804 ante
421 1755 639 1804 sciebam
662 1757 740 1804 vel
763 1756 1030 1818 pudentius
1053 1757 1131 1805 vel
1154 1755 1364 1816 invitius,
1386 1758 1505 1806 nolo
1528 1757 1662 1806 enim
1686 1756 1850 1808 dicere
1873 1759 1938 1808 de

283 1844 385 1884 tam
433 1834 570 1884 suavi
621 1835 823 1885 homine
869 1836 1180 1896 fastidiosius,
1232 1838 1298 1885 ad
1349 1838 1448 1886 hoc
1493 1852 1650 1900 genus
1697 1838 1936 1888 sermonis
1962 1852 2013 1883 20

281 1916 531 1965 accedere.
607 1915 744 1977 Quid
769 1916 901 1964 enim
920 1916 1098 1980 poterit
1122 1916 1321 1966 dicere?
1369 1918 1692 1967 Consularem
1717 1934 1769 1967 se
1786 1916 1936 1986 [esse]

282 1996 539 2046 hominem
581 2005 630 2046 et
675 1997 994 2046 censorium?
1052 1999 1243 2047 Eadem
1290 2006 1456 2047 nostra
1502 2014 1650 2048 causa
1695 2008 1781 2049 est.
1854 2003 1936 2050 An

283 2086 497 2126 aetatem
542 2079 767 2126 adferet?
826 2077 1167 2139 Quadriennio
1216 2078 1376 2128 minor
1422 2087 1508 2128 est.
1582 2081 1664 2128 An
1711 2096 1764 2129 se
1810 2082 1935 2130 haec

283 2161 508 2211 nescire?
567 2163 711 2224 Quae
743 2178 835 2225 ego
870 2177 992 2222 sero,
1021 2178 1147 2225 quae
1180 2161 1361 2211 cursim
1391 2161 1583 2225 arripui,
1620 2178 1748 2226 quae
1783 2162 1938 2212 subsi-

282 2243 400 2292 civis
436 2242 611 2306 operis,
638 2251 693 2292 ut
723 2243 875 2303 aiunt,
902 2242 994 2292 iste
1016 2260 1046 2292 a
1080 2260 1247 2307 puero,
1286 2260 1482 2292 summo
1513 2243 1691 2304 studio,
1730 2244 1935 2294 summis
1961 2259 2010 2301 25

281 2324 582 2373 doctoribus.
655 2323 794 2373 Nihil
832 2323 995 2373 dicam
1036 2325 1100 2374 de
1141 2323 1352 2388 ingenio,
1391 2323 1471 2373 cui
1511 2340 1607 2387 par
1632 2340 1782 2375 nemo
1816 2324 1936 2375 fuit:

283 2403 466 2453 etenim
507 2421 589 2454 me
623 2403 873 2454 dicentem
907 2403 993 2468 qui
1026 2404 1231 2465 audiret,
1269 2420 1420 2454 nemo
1454 2421 1691 2469 umquam
1725 2413 1828 2454 tam
1862 2404 1938 2455 sui

284 2485 561 2549 despiciens
586 2486 678 2536 fuit
701 2486 822 2550 quin
847 2495 1060 2550 speraret
1083 2495 1168 2536 aut
1192 2486 1368 2536 melius
1395 2495 1480 2536 aut
1503 2488 1682 2537 eodem
1707 2488 1861 2537 modo
1884 2503 1938 2537 se

284 2583 432 2632 posse
478 2567 644 2617 dicere
664 2586 679 2629 3
737 2569 918 2618 Crasso
964 2568 1163 2618 dicente
1214 2584 1365 2617 nemo
1410 2576 1512 2617 tam
1557 2584 1801 2633 arrogans,
1851 2567 1936 2632 qui

286 2647 504 2696 similiter
540 2664 593 2698 se
623 2664 861 2712 umquam
895 2648 1142 2699 dicturum
1177 2664 1286 2698 esse
1315 2649 1599 2699 confideret.
1671 2649 1838 2710 Quam
1868 2648 1936 2698 ob
1959 2661 2014 2704 30

342 2774 396 2814 M
412 2795 446 2810 =
467 2775 605 2815 ΑΕΗ
770 2789 816 2826 13
845 2777 886 2816 id
920 2790 1003 2817 om.
1039 2776 1132 2816 MP
1295 2779 1344 2816 18
1373 2775 1499 2827 paulo
1518 2781 1618 2816 ante
1648 2776 1830 2816 sciebam
1860 2774 1938 2816 M:

288 2836 388 2870 ante
417 2844 499 2870 om.
529 2830 593 2870 L:
634 2844 675 2880 p.
706 2844 743 2871 a.
773 2832 1008 2871 sentiebam
1038 2830 1191 2870 maluit
1213 2830 1377 2882 Kayser
1535 2843 1585 2870 21
1616 2842 1712 2869 esse
1740 2842 1824 2870 om.
1849 2828 1936 2868 ML

289 2897 342 2934 23
370 2884 571 2923 Triennio
592 2883 816 2924 Manutius
968 2898 1021 2935 24
1049 2884 1247 2924 subsicivi
1271 2884 1324 2923 M
1476 2897 1527 2934 27
1556 2897 1624 2923 me
1644 2884 1852 2924 dicentem
1872 2882 1936 2924 L:

289 2938 345 2976 de
366 2938 576 2976 dicentem
598 2937 674 2978 M:
703 2944 745 2977 te
766 2940 807 2979 d.
830 2951 874 2977 m
1036 2945 1120 2978 tam
1142 2939 1205 2977 sui
1227 2952 1309 2978 om.
1336 2938 1389 2976 M
