2150 3444
791 143 888 190 DE
924 142 1266 192 ORATORE
1340 144 1422 190 III
1966 159 2026 207 19
2049 164 2100 206 70

272 278 478 329 nomine
521 280 880 344 usurpandum,
919 296 1020 344 quo
1067 288 1311 342 arguatur,
1351 287 1437 347 aut
1484 297 1586 329 non
1635 281 1702 329 ita
1747 282 1841 345 agi,
1889 290 1944 331 ut

270 358 498 409 debuerit
531 376 590 409 ac
627 359 850 421 licuerit3
899 369 964 422 et,
1000 359 1040 410 si
1077 360 1192 411 satis
1228 377 1335 411 esse
1371 360 1553 424 putatis
1590 379 1660 421 ea,
1703 380 1829 426 quae
1865 362 1945 412 isti

270 439 531 505 scriptores
565 441 682 492 artis
714 444 911 502 docent,
939 441 1145 503 discere,
1170 458 1298 506 quae
1327 443 1485 491 multo
1519 451 1685 492 tamen
1710 443 1941 505 ornatius,

270 537 421 586 quam
439 523 504 572 ab
529 522 623 573 illis
647 523 896 585 dicuntur,
921 532 970 573 et
1002 523 1200 573 uberius
1236 522 1497 587 explicavit
1520 524 1944 587 Antonius—sed,

224 618 249 661 5
270 601 312 652 si
353 602 430 653 his
476 603 699 654 contenti
739 604 855 653 estis
901 613 1052 667 atque
1093 603 1164 652 eis
1205 602 1373 664 etiam,
1411 619 1538 666 quae
1586 603 1686 654 dici
1723 605 1944 655 voluistis

269 701 300 734 a
323 701 418 746 me,
444 703 505 735 ex
535 685 723 750 ingenti
758 687 979 749 quodam
1015 693 1258 735 oratorem
1296 684 1642 749 immensoque
1677 702 1856 750 campo
1893 686 1944 735 in

269 751 500 831 exiguum
536 782 655 816 sane
688 783 861 830 gyrum
897 765 1206 830 compellitis.
1281 765 1367 815 Sin
1400 775 1616 816 veterem
1653 766 1790 816 illum
1818 767 1946 817 Peri·
1971 787 2014 831 71

268 848 398 896 clem
443 855 529 896 aut
570 848 704 896 hunc
742 847 908 909 etiarn,
947 847 1033 911 qui
1079 846 1362 896 familiarior
1407 847 1553 898 nobis
1594 857 1794 913 propter
1836 849 1946 899 scri-

267 935 467 992 ptorum
502 927 873 978 multitudinem
909 937 1000 989 est,
1031 930 1426 979 Demosthenem
1463 927 1603 992 sequi
1639 929 1783 978 vultis
1822 939 1870 978 et
1906 931 1946 978 si

195 1007 403 1058 millam
440 1010 740 1074 praeclaram
779 1018 828 1059 et
869 1009 1099 1059 eximiam
1141 1009 1358 1074 speciem
1400 1009 1603 1059 oratoris
1652 1010 1855 1075 perfecti
1897 1021 1946 1061 et

267 1089 653 1155 pulcritudinem
681 1090 965 1153 adamastiS,
1000 1099 1086 1140 aut
1117 1090 1258 1140 vobis
1289 1092 1411 1141 haec
1437 1092 1714 1143 Carneadia
1741 1102 1827 1142 aut
1863 1092 1946 1142 illa

266 1172 553 1223 Aristotelia
574 1172 647 1224 vis
671 1174 1143 1238 comprehendenda
1167 1183 1253 1224 est.
1328 1176 1575 1238 Namque,
1606 1184 1657 1224 ut
1681 1184 1796 1224 ante
1826 1175 1944 1237 dixi,
1969 1190 2017 1233 72

266 1264 455 1305 veteres
478 1254 548 1303 illi
572 1271 730 1319 usque
754 1256 820 1305 ad
843 1257 1097 1306 Socratem
1129 1272 1331 1305 omnem
1361 1255 1587 1305 omnium
1612 1273 1791 1318 rerum,
1816 1274 1945 1320 quae

265 1336 332 1385 ad
355 1351 518 1385 mores
553 1335 832 1397 hominum,
856 1353 985 1400 quae
1017 1338 1082 1387 ad-
1105 1335 1274 1398 vitam,
1299 1354 1427 1400 quae
1455 1339 1520 1388 ad
1543 1336 1792 1399 virtutem,
1818 1355 1946 1401 quae

197 1429 246 1472 15
265 1415 332 1467 ad
355 1433 460 1467 rem
483 1416 736 1482 publicam
760 1417 1091 1481 pertinebant,
1110 1417 1447 1482 cognitionem
1472 1427 1521 1468 et
1546 1418 1804 1468 scientiam
1829 1436 1945 1469 cum

266 1497 468 1549 dicendi
514 1497 703 1548 ratione
749 1497 1050 1563 iungebant,
1102 1508 1276 1563 postea
1318 1498 1585 1561 dissociati,
1623 1509 1678 1548 ut
1725 1500 1944 1564 exposui,

265 1595 297 1628 a
336 1566 538 1629 Socrate
573 1577 764 1647 [diserti
799 1596 830 1628 a
864 1576 1047 1646 doctis]
1084 1589 1133 1628 et
1175 1579 1412 1644 deinceps
1452 1597 1482 1629 a
1524 1580 1785 1631 Socraticis
1827 1581 1947 1631 item

266 1659 501 1712 omnibus
564 1660 850 1725 philosophi
918 1661 1255 1725 eloquentiam
1319 1663 1665 1726 despexerunt,
1730 1672 1947 1713 oratores

267 1741 579 1806 sapientiam,
619 1759 784 1806 neque
830 1742 1099 1807 quicquam
1141 1760 1201 1792 ex
1246 1743 1445 1792 alterius
1486 1753 1625 1807 parte
1667 1744 1944 1809 tetigerunt,

193 1843 246 1874 20
266 1822 361 1872 nisi
399 1825 537 1888 quod
572 1823 643 1872 illi
675 1824 743 1873 ab
778 1823 854 1872 his
888 1834 975 1874 aut
1009 1825 1074 1874 ab
1109 1824 1205 1874 illis
1240 1824 1292 1873 hi
1327 1834 1703 1886 mutuarentur,
1753 1843 1812 1875 ex
1845 1843 1947 1889 quo

242 1903 510 1970 -promisce
556 1904 819 1966 haurirent,
869 1905 910 1954 si
957 1922 1158 1955 manere
1215 1904 1267 1954 in
1325 1906 1531 1970 pristina
1588 1907 1945 1957 communione

262 1984 547 2035 voluissent.
620 1987 720 2036 Sed
756 1994 810 2035 ut
843 1986 1106 2050 pontifices
1135 1995 1323 2036 veteres
1358 1997 1558 2052 propter
1592 1987 1943 2038 sacrificiorum
1971 2008 2020 2054 73
2049 2028 2051 2030 .

262 2067 634 2118 multitudinem
662 2067 747 2117 tris
771 2068 900 2117 viros
933 2070 1174 2132 epulones
1203 2086 1311 2118 esse
1334 2071 1609 2129 voluerunt,
1638 2087 1753 2118 cum
1779 2080 1945 2120 essent

219 2157 225 2162 ’
262 2147 358 2213 ipsi
392 2165 425 2199 a
461 2151 647 2211 Numa,
681 2158 737 2198 ut
774 2149 924 2199 etiarn
966 2149 1088 2200 illud
1136 2153 1368 2201 ludorum
1406 2152 1605 2214 epulare
1647 2151 1941 2199 sacrificium
2000 2174 2003 2176 >

190 2247 240 2291 25
261 2229 493 2291 facerent,
529 2229 753 2291 instituti,
789 2230 859 2280 sic
892 2231 1128 2280 Socratici
1159 2249 1190 2281 a
1225 2249 1278 2281 se
1312 2248 1573 2280 causarum
1608 2241 1798 2282 actores
1831 2242 1880 2282 et
1911 2250 1943 2283 a

261 2311 518 2361 communi
557 2312 903 2376 philosophiae
940 2312 1144 2362 nomine
1191 2323 1550 2377 separaverunt,
1595 2330 1711 2362 cum
1753 2322 1941 2364 veteres

260 2391 464 2443 dicendi
487 2400 538 2442 et
559 2391 879 2457 intellegendi
911 2393 1169 2443 mirificam
1205 2394 1493 2444 societatem
1519 2411 1626 2444 esse
1650 2394 1934 2445 voluissent.

263 2473 408 2536 Quae
431 2489 547 2523 cum
572 2472 642 2523 ita
665 2473 774 2533 sint,
803 2476 1058 2538 paululum
1084 2475 1317 2539 equidem
1351 2478 1414 2525 de
1447 2493 1527 2525 me
1560 2477 1866 2540 deprecabor
1889 2485 1938 2526 et

262 2563 430 2619 petam
457 2571 488 2604 a
510 2553 669 2616 vobiS,
693 2563 762 2604 ut*
779 2571 854 2616 ea,
879 2572 1006 2619 quae
1039 2555 1219 2617 dicam,
1244 2573 1346 2604 non
1383 2558 1447 2606 de
1479 2565 1664 2606 memet
1700 2557 1825 2621 ipso,
1850 2559 1940 2607 sed

186 2656 242 2698 30
263 2636 328 2686 de
374 2644 567 2686 oratore
613 2634 778 2686 dicere
819 2636 1019 2702 putetis.
1108 2639 1215 2701 Ego
1257 2636 1391 2687 enim
1439 2654 1549 2686 sum
1597 2638 1654 2699 is,
1693 2638 1778 2702 qui
1825 2654 1942 2687 curn

263 2733 462 2767 summo
490 2716 657 2767 studio
691 2717 840 2782 patris
877 2717 928 2767 in
963 2718 1172 2782 pueritia
1206 2721 1384 2769 doctus
1422 2736 1581 2769 essem
1611 2728 1660 2769 et
1692 2719 1743 2768 in
1779 2721 1941 2768 forum

263 2797 430 2862 ingeni
465 2806 672 2859 tantum,
699 2808 941 2863 quantum
979 2798 1083 2864 ipse
1120 2799 1296 2862 sentiO,
1330 2817 1432 2850 non
1461 2810 1671 2863 tantum,
1696 2810 1939 2865 quantum

1961 2452 2030 2490 20
2053 2446 2056 2450 ⁴

1966 2527 2017 2572 74

322 2942 369 2980 17
400 2930 550 2971 diserti
571 2943 596 2969 a
617 2929 754 2970 doctis
773 2929 934 2970 seclusit
953 2927 1124 2970 Mueller
1329 2944 1382 2983 29
1411 2944 1496 2970 non
1518 2932 1571 2972 de
1591 2931 1702 2972 codd.
1726 2946 1733 2971 :
1764 2944 1830 2972 me
1851 2945 1939 2972 non

263 2985 317 3025 de
334 2983 470 3036 Soros
