2150 3444
104 152 174 201 43
195 148 273 190 182

756 142 826 189 M.
865 141 1075 190 TVLLI
1113 141 1495 191 CICERONIS

296 280 450 329 modo
485 288 612 340 sunt,
640 296 789 344 quam
824 280 954 343 fingi,
983 281 1023 329 si
1054 281 1189 329 nulla
1221 289 1347 329 sunt.
1401 282 1522 332 ‚Sed
1557 282 1679 331 haec
1714 281 1950 331 adiuvant

295 359 348 408 in
383 370 603 410 oratore:
638 361 811 410 lenitas
846 361 994 422 vocis,
1033 363 1194 410 vultus
1230 359 1454 427 pudor[is
1490 360 1820 429 significatio],
1850 378 1950 412 ver-

296 440 473 490 borum
515 441 720 491 comitas
737 460 751 502 3
804 441 844 490 si
885 442 1006 505 quid
1047 458 1340 506 persequare
1380 441 1555 503 acrius,
1589 452 1645 493 ut
1683 442 1866 493 invitus
1900 453 1950 494 et

296 530 497 571 coactus
532 524 691 572 facere
726 522 932 572 videare.
1008 524 1047 570 F
1049 522 1290 583 acilitatis,
1325 521 1640 584 liberalitatiS,
1671 533 1951 574 mansuetu-

296 603 439 663 dinis,
467 603 675 667 pietatis,
702 604 823 668 grati
855 604 1024 664 animi,
1053 621 1155 654 non
1190 604 1480 668 appetentis,
1508 623 1611 655 non
1645 605 1778 655 avidi
1813 605 1951 670 signa
1972 621 1997 665 5

296 685 510 748 proferre
540 685 746 748 perutile
775 694 878 746 est3
914 702 1070 748 eaque
1102 685 1281 746 omnia,
1309 703 1436 749 quae
1464 687 1747 750 proborum,
1774 687 1951 736 demis-

298 782 482 826 sorum,
506 783 608 815 non
631 766 831 827 acrium,
859 783 961 815 non
985 766 1326 830 pertinacium,
1350 784 1452 816 non
1485 767 1822 832 litigiosorum,
1847 780 1951 818 non

296 847 585 896 acerborum
611 855 741 906 sunt,
765 849 907 896 valde
932 847 1327 897 benevolentiam
1356 848 1623 898 conciliant
1653 849 1953 898 abalienant-

296 945 394 992 que
417 929 482 977 ab
507 928 594 990 eis,
618 929 669 977 in
695 929 874 992 quibus
906 930 1029 978 haec
1058 946 1160 978 non
1193 939 1307 978 sunt
1322 947 1336 991 3
1370 930 1537 993 itaque
1561 931 1737 998 eadem
1761 939 1876 980 sunt
1898 930 1952 980 in
2000 931 2002 933 ’

198 1022 275 1071 183
296 1009 598 1060 adversarios
623 1027 682 1059 ex
706 1010 948 1060 contrario
973 1012 1283 1060 conferenda.
1358 1013 1457 1061 Sed
1480 1028 1635 1075 genus
1662 1013 1760 1061 hoc
1790 1020 1951 1061 totum
1976 1028 2028 1059 10

298 1091 530 1141 orationis
567 1091 617 1139 in
653 1091 723 1140 eis
760 1090 919 1140 causis
955 1091 1160 1151 excellit,
1187 1090 1238 1139 in
1270 1091 1451 1154 quibus
1487 1092 1652 1141 minus
1685 1101 1849 1155 potest
1882 1092 1954 1142 in-

297 1171 537 1221 flammari
572 1171 766 1221 animus
803 1171 980 1222 iudicis
1015 1171 1114 1221 acri
1143 1180 1192 1221 et
1223 1172 1504 1222 vehementi
1536 1174 1752 1236 quadam
1787 1173 1955 1224 incita-

298 1253 467 1316 tione;
502 1271 605 1304 non
641 1254 774 1303 enim
811 1271 1003 1318 semper
1039 1254 1176 1304 fortis
1212 1254 1368 1304 oratio
1401 1254 1664 1318 quaeritur3
1687 1256 1777 1304 sed
1807 1272 1955 1320 saepe

297 1334 508 1400 placida,
547 1336 823 1396 summissa,
861 1336 997 1396 lenis,
1038 1352 1164 1399 quae
1212 1335 1423 1384 maxime
1464 1337 1783 1386 commendat
1827 1353 1950 1387 reOS.

299 1419 434 1466 Reos
480 1426 646 1466 autem
693 1419 890 1481 appello
936 1434 1038 1466 non
1080 1433 1165 1465 eos
1212 1418 1378 1476 modo,
1418 1415 1503 1479 qui
1548 1426 1828 1480 arguuntur,
1865 1418 1955 1467 sed
1981 1430 2028 1472 15

298 1498 474 1559 omnis,
502 1515 712 1562 quorum
738 1501 801 1548 de
831 1515 880 1548 re
909 1498 1240 1561 disceptatum
1275 1498 1344 1547 sic
1373 1498 1506 1547 enim
1539 1498 1657 1547 olim
1690 1498 1957 1563 loqueban-

199 1591 276 1642 184
298 1589 387 1629 tur.
462 1583 659 1630 Horum
696 1579 1143 1644 igitur‘exprimere
1179 1597 1340 1630 mores
1376 1579 1596 1629 oratione
1631 1579 1803 1641 iustOS,
1836 1580 1957 1630 inte-

206 2294 275 2341 44

200 2358 274 2408 185

296 1679 420 1726 gros,
449 1662 715 1726 religiosos,
742 1662 956 1722 timidos,
984 1661 1269 1726 perferentis
1298 1660 1581 1710 iniuriarum
1615 1661 1792 1710 mirum
1817 1661 1957 1725 quid-

296 1746 414 1794 dam
438 1746 567 1793 valet
584 1763 596 1804 3
632 1753 680 1792 et
705 1746 801 1793 hoc
825 1746 903 1793 vel
927 1743 977 1791 in
1002 1743 1252 1807 principiis
1277 1746 1353 1792 vel
1379 1743 1429 1791 in
1454 1760 1505 1792 re
1537 1744 1779 1793 narranda
1801 1744 1879 1792 vel
1902 1742 1954 1792 in

296 1827 574 1890 perorando
610 1834 796 1873 tantam
833 1826 982 1874 habet
1018 1825 1134 1886 vim,
1160 1824 1200 1873 si
1233 1834 1307 1873 est
1340 1824 1550 1874 suaviter
1582 1833 1630 1873 et
1659 1841 1773 1873 cum
1806 1840 1954 1873 sensu
1979 1842 2031 1871 20

297 1915 575 1967 tractatum,
591 1915 645 1954 ut
669 1922 815 1969 saepe
839 1908 949 1969 plus
970 1923 1119 1969 quam
1145 1922 1292 1955 causa
1311 1908 1482 1954 valeat.
1543 1907 1764 1954 Tantum
1787 1914 1954 1954 autem

297 1987 504 2037 efficitur
539 2005 685 2037 sensu
722 1989 940 2050 quodam
973 2004 1031 2036 ac
1067 1987 1255 2036 ratione
1291 1986 1506 2046 dicendi,
1533 1995 1587 2035 ut
1618 1986 1759 2049 quasi
1794 2003 1956 2036 mores

298 2069 501 2118 oratoris
532 2071 729 2132 effingat
758 2068 943 2129 orati03
978 2085 1154 2132 genere
1186 2068 1319 2117 enim
1352 2069 1571 2131 quodam
1604 2067 1956 2116 sententiarum

299 2160 347 2200 et
371 2168 549 2214 genere
572 2151 846 2210 verborum,
874 2150 1097 2199 adhibita
1125 2150 1273 2200 etiam
1302 2149 1498 2199 actione
1526 2148 1625 2198 leni
1657 2148 1956 2198 facilitatem-

299 2250 396 2296 que
428 2232 734 2296 significante
767 2231 984 2293 efficitur,
1012 2242 1066 2282 ut
1102 2232 1257 2297 probi,
1286 2241 1340 2281 ut
1375 2233 1503 2282 bene
1536 2230 1723 2291 morati,
1751 2240 1805 2279 ut
1837 2230 1957 2280 boni
1983 2244 2028 2284 25
2076 2290 2080 2292 ι

262 2351 265 2355 ,
299 2315 387 2363 viri
422 2331 529 2364 esse
564 2314 829 2364 videamur.
906 2314 1042 2363 Huic
1079 2324 1245 2364 autem
1287 2323 1361 2363 est
1402 2314 1483 2362 illa
1521 2312 1686 2375 dispar
1724 2312 1958 2361 adiuncta

299 2397 422 2445 ratio
459 2396 709 2456 orationis,
745 2413 871 2460 quae
909 2396 1007 2446 alio
1046 2399 1263 2461 quodam
1302 2412 1479 2460 genere
1520 2393 1699 2443 mentis
1736 2393 1956 2442 iudicum

299 2486 551 2541 permovet
588 2477 907 2541 impellitque,
952 2487 1004 2527 ut
1046 2488 1130 2527 aut
1167 2477 1361 2528 oderint
1401 2485 1485 2525 aut
1526 2474 1731 2538 diligant
1766 2483 1852 2523 aut
1888 2474 1958 2523 in-

298 2558 497 2608 videant
517 2567 599 2607 aut
619 2561 807 2607 salvum
826 2559 976 2608 velint
994 2569 1078 2607 aut
1099 2567 1319 2614 metuant
1338 2566 1422 2606 aut
1442 2564 1636 2620 sperent
1654 2563 1739 2604 aut
1756 2555 1958 2619 cupiant

354 2689 408 2727 M
424 2710 458 2723 =
480 2691 616 2729 AEH
737 2703 753 2728 1
787 2691 988 2729 adiuvant
1009 2688 1095 2727 ML
1114 2703 1123 2727 ε
1153 2689 1322 2728 adiuvat
1341 2686 1393 2725 M
1498 2700 1523 2726 2
1553 2685 1727 2737 pudoris
1746 2685 1955 2735 significa-

300 2743 358 2782 tio
377 2748 414 2782 et
432 2746 609 2784 comitas
630 2745 714 2784 secl.
740 2744 944 2783 Friedrich
964 2745 1042 2793 qui
1055 2743 1228 2782 adiuvat
1249 2742 1413 2781 mavult
1574 2754 1598 2790 4
1629 2740 1736 2780 liber
1754 2738 1808 2778 M
1929 2739 1957 2778 8

300 2799 554 2837 concinnant
575 2797 648 2838 M:
678 2799 901 2837 concinant
923 2811 967 2836 m
1077 2810 1104 2846 9
1133 2809 1218 2835 non
1239 2802 1339 2835 sunt
1358 2794 1395 2833 L
1416 2794 1524 2847 vulg.
1643 2807 1690 2833 11
1721 2793 1900 2833 excellet
1917 2791 1957 2831 L

305 2865 352 2901 14
381 2853 556 2891 summis
591 2853 824 2901 alienisque
855 2850 909 2889 M
1068 2851 1519 2903 commendatos-reos
1551 2855 1636 2889 aut.
1662 2846 1716 2886 M
1907 2847 1957 2886 18

301 2906 566 2956 perferendis
587 2906 639 2943 M
799 2919 848 2955 27
879 2907 932 2945 ad
953 2905 1008 2944 ali
1028 2903 1116 2943 HA
1135 2919 1143 2945 ε
1188 2905 1241 2944 ad
1262 2904 1346 2943 alio
1366 2903 1406 2943 E
1569 2904 1621 2941 28
1649 2907 1695 2941 ut
1718 2901 1885 2942 oderint
1907 2899 1961 2940 M

300 2973 354 3010 29
383 2965 589 3010 spernant
611 2958 663 2996 M
