2112 3444
107 149 268 187 22101
753 133 823 183 M.
863 133 1072 182 TVLLI
1111 133 1492 184 CICERONIS

294 279 451 319 sc1AM
493 273 831 328 PoTERonE.’
900 273 1031 322 Tum
1067 271 1148 321 ille
1182 275 1328 320 v‘nam
1365 271 1502 336 quod
1538 280 1592 322 tu
1626 288 1728 324 non
1763 272 1953 338 poteris

293 359 377 399 aut
402 351 604 411 nescieS,
631 351 741 415 quis
766 360 986 401 nostrum
1011 361 1111 401 tam
1143 351 1406 415 impudens
1435 360 1507 401 est
1531 353 1616 416 qui
1640 370 1693 404 se
1716 354 1838 404 scire
1860 363 1946 405 aut

294 447 440 495 posse
480 434 759 495 postulet?'
831 437 842 458 ‘
860 434 966 481 Iam
1014 448 1128 481 vero
1169 432 1262 481 ista
1307 432 1615 494 condicione,
1657 435 1777 484 dum
1823 435 1945 484 mihi

293 511 437 560 liceat
474 528 650 575 negare
687 528 832 575 posse
867 513 1004 575 quod
1034 528 1136 561 non
1168 520 1341 575 potero
1365 521 1413 561 et
1436 513 1573 562 fateri
1597 513 1784 564 nescire
1807 516 1945 578 quod

293 591 524 652 nesciam,
573 590 712 640 licet'
758 591 917 655 inquit
964 593 1168 642 Crassus
1219 595 1405 641 ‘vestro
1458 593 1690 643 arbitratu
1744 610 1946 658 percon-
1969 615 1991 655 5

193 687 267 716 102
291 671 494 720 temini.’
544 676 555 698 ‘
572 672 751 735 Atqui'
776 671 934 735 inquit
955 669 1240 738 [Sulpicius]
1265 674 1388 721 ‘hoc
1412 690 1471 721 ex
1494 682 1556 733 te,
1578 675 1642 723 de
1665 690 1767 737 quo
1790 676 1949 725 modo

292 751 539 801 Antonius
586 751 823 815 exposuit,
872 751 993 815 quid
1047 752 1241 812 sentias,
1290 753 1583 815 quaerimus,
1633 754 1944 805 existimesne

289 842 445 882 artem
485 832 700 896 aliquam
747 849 854 881 esse
894 831 1156 882 dicendi?'
1228 836 1239 858 ‘
1257 831 1430 894 Quid?
1486 833 1608 882 mihi
1648 850 1736 884 vos
1781 837 1943 884 nunc'

289 913 449 977 inquit
478 914 682 964 Crassus
710 917 988 976 ‘tamquam
1019 912 1165 962 alicui
1197 914 1440 962 Graeculo
1472 913 1632 964 otioso
1664 923 1712 964 et
1746 914 1943 979 loquaci

290 1003 338 1044 et
362 996 566 1044 fortasse
590 995 740 1043 docto
763 1002 911 1056 atque
935 993 1126 1044 erudito
1151 993 1588 1057 quaestiunculam,
1615 996 1679 1044 de
1707 1011 1805 1060 qua
1827 1012 1942 1046 meo
1965 1014 2016 1046 10

284 1072 522 1123 varbitratu
559 1074 744 1136 loquar,
782 1073 1001 1136 ponitis?
1070 1075 1288 1135 Quando
1325 1072 1458 1123 enim
1495 1091 1576 1123 me
1616 1073 1708 1124 ista
1748 1090 1942 1125 curasse

288 1163 373 1202 aut
411 1152 650 1216 cogitasse
695 1152 997 1202 arbitramini
1043 1163 1092 1203 et
1139 1170 1240 1203 non
1282 1170 1474 1217 semper
1519 1153 1733 1204 inrisisse
1778 1155 1942 1219 potius

288 1251 459 1283 eorum
496 1233 756 1284 hominum
794 1234 1165 1298 impudentiam,
1193 1234 1278 1298 qui
1311 1251 1424 1284 cum
1455 1234 1507 1284 in
1536 1236 1706 1285 schola
1727 1236 1943 1286 adsedis-

288 1323 410 1375 sent,
437 1331 497 1364 ex
520 1331 698 1378 magna
720 1315 980 1365 hominum
1011 1315 1285 1379 frequentia
1316 1315 1478 1366 dicere
1501 1315 1740 1378 iuberent,
1766 1315 1809 1366 si
1831 1317 1943 1381 quis

187 1415 265 1457 103
287 1394 409 1458 quid
444 1397 736 1458 quaereret?
806 1396 959 1456 Quod
994 1395 1208 1459 primum
1242 1397 1403 1445 ferunt
1436 1396 1736 1446 Leontinum
1767 1396 1942 1448 fecisse
1965 1419 2013 1463 15

286 1474 534 1537 Gorgiam,
583 1474 669 1538 qui
705 1491 1025 1538 permagnum
1063 1475 1302 1538 quiddam
1349 1475 1595 1539 suscipere
1630 1493 1690 1526 ac
1726 1477 1942 1541 profiteri

285 1555 555 1616 videbatur,
575 1572 688 1605 cum
713 1572 765 1604 se
789 1556 853 1604 ad
877 1555 1057 1615 omnia,
1079 1557 1143 1605 de
1161 1555 1340 1619 quibus
1359 1556 1568 1620 quisque
1586 1555 1757 1607 audire
1778 1559 1938 1619 vellet,

284 1652 392 1685 esse
429 1645 652 1699 paratum
691 1636 1031 1698 denuntiaret3
1082 1646 1255 1700 postea
1294 1653 1410 1686 vero
1449 1639 1597 1701 vulgo
1638 1638 1736 1688 hoc
1780 1640 1940 1688 facere

283 1724 551 1779 coeperunt
570 1716 819 1779 hodieque
834 1716 1031 1776 faciunt,
1049 1725 1102 1765 ut
1121 1718 1255 1766 nulla
1273 1716 1334 1765 sit
1352 1733 1427 1766 res
1447 1733 1609 1781 neque
1627 1726 1763 1768 tanta
1775 1735 1938 1783 neque

282 1804 384 1844 tam
413 1795 677 1858 improvisa
701 1811 863 1858 neque
895 1805 995 1844 tam
1020 1812 1162 1856 nova,
1189 1798 1253 1845 de
1277 1812 1375 1859 qua
1399 1813 1452 1846 se
1475 1814 1578 1846 non
1603 1797 1783 1858 omnia,
1809 1813 1938 1862 quae
1962 1816 2014 1845 πο

183 1899 260 1940 104
282 1876 381 1926 dici
404 1877 607 1940 possint,
635 1877 952 1940 profiteantur
987 1893 1094 1925 esse
1129 1876 1358 1927 dicturos.
1433 1878 1586 1939 Quod
1610 1877 1651 1927 si
1674 1886 1736 1938 te,
1771 1878 1934 1939 Cotta,

280 1955 535 2005 arbitrarer
557 1965 642 2005 aut
666 1965 727 2015 te,
755 1955 954 2018 Sulpici,
982 1957 1045 2004 de
1078 1956 1147 2005 eis
1180 1957 1326 2006 rebus
1354 1956 1524 2006 audire
1547 1958 1685 2017 velle,
1711 1958 1938 2008 adduxis-

281 2053 384 2086 sem
422 2039 520 2086 hue
553 2025 796 2086 Graecum
834 2036 1061 2099 aliquem,
1088 2036 1173 2100 qui
1205 2054 1296 2087 nos
1329 2037 1466 2087 istius
1491 2037 1628 2093 modi
1651 2037 1937 2102 disputatio-

280 2117 425 2166 nibus
455 2119 719 2167 delectaret
736 2136 749 2178 ,·
784 2118 921 2180 quod
953 2134 1015 2166 ne
1047 2135 1180 2167 nunc
1212 2117 1414 2181 quidem
1439 2118 1637 2168 difficile
1667 2121 1799 2169 factu
1831 2129 1933 2169 est:

279 2207 352 2247 est
376 2198 509 2248 enim
532 2200 666 2262 apud
692 2201 761 2247 M.
792 2198 1023 2248 Pisonem
1047 2201 1415 2249 adulescentem
1449 2197 1587 2266 [iam]
1621 2199 1737 2249 huic
1769 2199 1934 2250 studio
1958 2218 2006 2260 25

278 2278 517 2339 deditum,
568 2295 763 2328 summo
822 2281 974 2329 homo
1027 2279 1226 2343 ingenio
1272 2280 1525 2343 nostrique
1571 2280 1930 2344 cupidissimuS,

279 2358 629 2422 Peripateticus
654 2361 861 2420 StaseaS,
888 2361 1041 2409 homo
1066 2359 1210 2409 nobis
1235 2376 1353 2409 sane
1376 2359 1623 2410 familiaris
1648 2369 1710 2421 et,
1731 2369 1785 2410 ut
1808 2360 1934 2411 inter

277 2438 504 2488 homines
536 2439 716 2503 peritos
756 2448 979 2489 constare
1010 2440 1170 2500 vide0,
1197 2440 1248 2488 in
1280 2439 1365 2490 illo
1389 2457 1480 2490 suo
1507 2457 1685 2504 genere
1708 2440 1931 2491 omnium

179 2497 255 2611 ἐξ
277 2519 533 2583 princeps.²
606 2524 618 2547 ‘
635 2522 800 2582 Quem
825 2529 878 2570 tu
910 2520 1057 2569 mihi'
1082 2521 1241 2584 inquit
1267 2521 1466 2571 Mucius
1493 2525 1505 2548 ‘
1521 2523 1755 2582 Staseam,
1781 2538 1930 2586 quem

277 2599 655 2663 Peripateticum
694 2602 897 2650 narras?
967 2602 1226 2651 Gerendus
1255 2610 1329 2650 est
1360 2601 1450 2651 tibi
1474 2617 1583 2651 mos
1610 2601 1930 2651 adulescenti·
1953 2620 2005 2662 30

276 2680 382 2741 buS,
411 2682 599 2742 Crasse,
635 2682 720 2745 qui
753 2698 854 2730 non
888 2682 1063 2731 Graeci
1098 2680 1343 2748 [alicuius]
1381 2681 1680 2731 cotidianam
1718 2681 1931 2746 loquaci-

329 2809 383 2848 M
389 2808 521 2848 =HE
680 2811 708 2849 6
738 2810 951 2860 Sulpicius
970 2823 1053 2850 om.
1077 2810 1131 2849 M
1274 2823 1323 2849 21
1356 2810 1520 2861 possint
1538 2809 1635 2849 H2:
1663 2817 1837 2861 possent
1851 2809 1907 2850 Μ
1917 2827 1928 2852 ε

277 2870 454 2914 possunt
474 2863 510 2902 L
663 2876 715 2913 25
746 2865 827 2902 iam
851 2877 933 2903 om.
955 2863 1009 2902 M
1141 2865 1194 2903 26
1223 2864 1351 2903 homo
1371 2894 1380 2904 .
1405 2894 1415 2904 .
1439 2894 1449 2904 .
1473 2863 1774 2914 cupidissimus
1793 2864 1847 2905 M
1857 2878 1926 2908 m:

275 2918 490 2957 hominem
511 2946 520 2957 .
546 2946 555 2957 .
580 2945 589 2957 .
615 2917 931 2967 cupidissimum
951 2931 1038 2957 mcc.
1180 2930 1229 2968 31
1261 2917 1438 2958 alicuius
1457 2930 1540 2958 om.
1563 2915 1618 2956 M
