2150 3444
690 146 787 194 DE
821 146 1164 196 ORATORE
1235 148 1319 196 III
1861 157 1892 208 7
1918 158 1970 212 2'7

177 281 458 349 Euripides,
481 299 787 349 quamquam
819 284 1053 335 omnibus
1077 301 1166 349 par
1196 301 1357 350 paene
1392 287 1498 336 laus
1528 286 1580 336 in
1614 287 1839 337 dissimili

173 363 423 414 scribendi
468 381 647 429 genere
694 365 954 415 tribuitur!
1024 365 1249 429 Aspicite
1296 383 1431 416 nunc
1479 384 1564 417 eos
1612 369 1840 419 homines
1867 380 1916 419 28

171 452 324 508 atque
357 444 632 507 intuemini,
660 462 873 510 quorum
909 447 973 496 de
1008 447 1240 496 facultate
1275 446 1557 510 quaerimus
1596 446 1738 515 [quid
1773 449 1842 498 in-

171 525 311 576 tersit
360 526 488 576 inter
538 536 788 578 oratorum
835 528 999 578 studia
1043 537 1194 592 atque
1239 527 1491 596 naturas]:
1550 531 1840 580 suavitatem

125 618 150 661 5
175 607 431 667 IsocrateS,
458 607 779 657 subtilitatem
816 608 1003 671 LysiaS,
1038 625 1252 658 acumen
1288 609 1588 673 HyperideS,
1623 610 1840 660 sonitum

171 687 462 749 Aeschines,
511 688 612 738 vim
661 690 1028 738 Demosthenes
1076 689 1261 738 habuit.
1351 690 1478 753 Quis
1520 707 1691 741 eorum
1738 709 1841 741 non

173 768 432 833 egregius?
465 777 633 819 tamen
670 771 779 832 quis
816 770 1111 834 cuiusquam
1151 770 1246 820 nisi
1279 770 1355 820 sui
1394 771 1565 822 similis
1584 775 1607 822 ?
1676 773 1842 823 Gravi-

170 857 326 899 tatem
353 848 633 911 Africanus,
656 849 911 899 lenitatem
941 851 1153 911 Laelius,
1186 852 1499 915 asperitatem
1534 854 1711 915 Galba,
1734 871 1842 918 pro-

171 931 331 980 fluens
371 929 613 994 quiddam
654 930 829 979 habuit
866 931 1033 981 Carbo
1071 941 1120 981 et
1158 949 1409 983 canorum.
1498 934 1624 996 Quis
1662 937 1839 985 horum

94 1023 150 1055 10
170 1025 276 1060 non
309 1009 538 1074 princeps
572 1011 881 1076 temporibus
918 1011 1013 1061 illis
1051 1013 1180 1062 suit?
1220 1022 1269 1063 et
1302 1030 1393 1063 suo
1422 1023 1589 1064 tamen
1627 1016 1839 1080 quisque

170 1089 224 1140 in
253 1107 434 1155 genere
467 1090 710 1155 princeps.
783 1093 884 1142 Sed
916 1092 1038 1156 quid
1068 1110 1160 1157 ego
1195 1103 1360 1143 vetera
1391 1095 1698 1159 conquiram,
1723 1113 1838 1146 cum

172 1171 296 1220 mihi
335 1170 480 1221 liceat
513 1170 586 1220 uti
621 1172 963 1236 praesentibus
1000 1174 1236 1238 exemplis
1273 1183 1425 1239 atque
1461 1175 1620 1226 vivis?
1702 1177 1839 1239 Quid

171 1251 437 1302 iucundius
477 1251 677 1302 auribus
718 1252 900 1302 nostris
935 1271 1175 1318 umquam
1213 1255 1396 1305 accidit
1436 1256 1581 1306 huius
1619 1257 1842 1307 oratione

174 1332 377 1384 Catuli?
421 1348 550 1397 quae
591 1341 666 1383 est
705 1349 828 1398 pura
865 1333 954 1396 sie,
992 1344 1046 1384 ut
1094 1335 1270 1385 Latine
1316 1336 1455 1400 loqui
1502 1354 1660 1401 paene
1707 1339 1841 1387 solus

98 1426 149 1469 15
173 1413 411 1474 videatur,
437 1413 509 1463 sic
542 1422 710 1464 autem
746 1414 917 1479 graviS,
956 1424 1011 1465 ut
1046 1416 1098 1465 in
1134 1416 1367 1481 singulari
1403 1417 1641 1481 dignitate
1677 1419 1839 1469 omnis

172 1503 342 1546 tamen
375 1495 505 1545 adsit
537 1495 821 1547 humanitas
853 1513 912 1546 ac
947 1498 1099 1560 lepos
1174 1498 1313 1560 Quid
1345 1501 1539 1548 multa?
1575 1499 1724 1548 istum
1759 1516 1841 1549 au-

172 1575 316 1626 diens
334 1575 568 1640 equidem
591 1575 663 1626 sic
686 1576 905 1626 iudicare
929 1579 1084 1639 soleo,
1109 1577 1348 1642 quicquid
1372 1588 1457 1628 aut
1479 1580 1729 1630 addideris
1753 1589 1839 1630 aut

173 1657 377 1707 mutaris
399 1666 486 1707 aut
509 1658 789 1719 detraxeriS,
808 1657 1031 1707 vitiosius
1057 1667 1106 1708 et
1130 1659 1346 1709 deterius
1375 1662 1607 1710 futurum.
1683 1661 1847 1724 Quid,
1862 1678 1918 1719 30

172 1748 340 1789 noster
373 1739 457 1789 hic
491 1740 674 1790 Caesar
708 1757 878 1789 nonne
913 1757 1095 1790 novam
1123 1743 1376 1805 quandam
1401 1742 1642 1792 rationem
1678 1743 1841 1792 attulit

88 1841 151 1871 r20
172 1820 408 1871 orationis
443 1829 493 1870 et
528 1820 729 1871 dicendi
762 1838 918 1886 genus
943 1821 1137 1871 induxit
1172 1838 1328 1886 prope
1363 1822 1644 1887 singulare?
1714 1823 1841 1886 Quis

171 1918 411 1966 umquam
452 1917 529 1952 res
570 1910 763 1966 praeter
803 1904 939 1951 hunc
986 1901 1193 1966 tragicas
1234 1919 1394 1966 paene
1441 1903 1645 1963 comice,
1691 1904 1840 1954 tristis

169 1982 388 2045 remisse,
429 1999 622 2033 severas
657 1982 828 2045 hilare,
874 1983 1082 2033 forensis
1124 1983 1351 2033 scaenica
1392 2000 1547 2048 prope
1582 1994 1841 2035 venustate

169 2063 394 2114 tractavit
427 2073 579 2129 atque
613 2063 699 2126 ita,
723 2073 778 2114 ut
812 2080 978 2128 neque
1012 2063 1152 2114 iocus
1188 2064 1531 2128 magnitudine
1566 2081 1728 2114 rerum
1765 2082 1842 2115 ex-

170 2148 451 2197 cluderetur
494 2163 591 2197 nec
630 2146 840 2211 gravitas
881 2145 1069 2196 facetiis
1112 2145 1451 2196 minueretur?
1534 2149 1668 2198 Ecce
1708 2165 1842 2212 prae·
1867 2164 1916 2204 31

97 2243 149 2288 ²5
172 2237 337 2279 sentes
371 2230 475 2279 duo
506 2245 664 2294 prope
698 2230 932 2293 aequales
966 2227 1213 2293 Sulpicius
1246 2237 1295 2278 et
1329 2230 1491 2280 Cotta.
1567 2229 1706 2291 Quid
1740 2239 1842 2279 tam

171 2309 299 2360 inter
339 2326 393 2360 se
438 2309 716 2360 dissimile?
769 2309 892 2373 quid
938 2318 1041 2358 tam
1090 2309 1142 2358 in
1184 2325 1276 2359 suo
1324 2326 1504 2374 genere
1549 2312 1844 2373 praestans?

171 2390 397 2441 Limatus
442 2393 564 2440 alter
601 2399 652 2441 et
686 2390 897 2452 subtilis,
931 2406 1036 2439 rem
1067 2389 1335 2454 explicans
1372 2389 1579 2454 propriis
1614 2390 1843 2454 aptisque

170 2473 366 2535 verbis;
399 2474 568 2523 haeret
603 2472 655 2522 in
690 2489 840 2523 causa
874 2489 1069 2537 semper
1103 2482 1153 2523 et
1188 2473 1310 2537 quid
1346 2473 1496 2524 iudici
1525 2474 1841 2537 probandum

171 2554 234 2604 sit
267 2571 383 2604 cum
417 2553 701 2604 acutissime
735 2553 871 2614 vidit,
910 2553 1106 2603 omissis
1141 2554 1316 2603 ceteris
1355 2554 1656 2618 argumentis
1692 2554 1743 2603 in
1779 2571 1841 2604 eo

95 2651 150 2692 30
170 2644 391 2686 mentem
430 2635 806 2698 orationemque
846 2635 1017 2698 defigit
1033 2653 1047 2696 ;
1094 2635 1340 2698 Sulpicius
1372 2644 1539 2686 autem
1571 2635 1839 2686 fortissimo

169 2718 392 2781 quodam
422 2715 575 2765 animi
607 2715 808 2780 impetu,
836 2714 1122 2779 plenissima
1157 2724 1207 2765 et
1242 2716 1456 2766 maxima
1479 2733 1615 2778 voce,
1643 2734 1839 2767 summa

170 2797 490 2848 contentione
526 2796 743 2862 corporis
778 2804 828 2846 et
861 2796 1101 2860 dignitate
1136 2805 1319 2860 motUS,
1342 2799 1605 2848 verborum
1637 2815 1839 2863 quoque

1864 1057 1894 1104 8

1866 1145 1916 1187 29

226 2940 252 2967 2
280 2926 481 2967 tribuitur
499 2924 640 2966 Bake:
671 2925 882 2966 tribuatur
902 2925 1012 2966 codd.
1140 2938 1167 2977 3
1196 2927 1297 2979 quid
1318 2956 1328 2966 .
1354 2956 1364 2966 .
1391 2957 1400 2967 .
1422 2932 1597 2967 naturas
1616 2927 1700 2967 secl.
1724 2926 1840 2969 Bake

172 2995 197 3034 7
225 2982 320 3034 quis
340 2983 587 3032 cuiusquam
607 2981 717 3034 vulg.
739 2995 749 3020 z
778 2981 1027 3031 cuiusquam
1048 2980 1158 3022 codd.
1324 2993 1368 3021 11
1401 2982 1608 3033 conquiro
1628 2982 1742 3023 Bake
