2150 3444
75 153 140 200 28
169 171 246 212 124
723 153 793 200 M.
833 153 1043 200 TVLLI
1061 113 1063 115 *
1083 150 1464 202 CICERONIS

262 297 462 352 posset3
515 291 691 338 multas
730 289 877 338 etiam
919 306 946 338 e
987 305 1038 338 re
1078 289 1277 352 publica
1317 289 1583 339 seditiones
1629 306 1777 356 saepe
1811 297 1921 340 esse

262 371 430 431 factas,
447 378 500 419 ut
524 387 638 419 cum
663 387 798 434 reges
824 378 987 419 essent
1012 370 1180 430 exacti,
1203 379 1256 418 ut
1281 386 1395 418 cum
1420 369 1680 420 tribunicia
1701 379 1919 436 potestas

265 447 433 516 [esset]
454 450 720 500 constituta
736 469 749 511 3
785 450 918 499 illam
945 450 1168 500 Norbani
1188 450 1482 500 seditionem
1501 467 1561 500 ex
1578 453 1714 500 luctu
1736 451 1918 503 civium

263 539 311 580 et
335 548 394 580 ex
420 531 682 595 Caepionis
708 532 838 592 odio,
867 531 951 596 qui
980 531 1245 581 exercitum
1270 531 1513 592 amiserat,
1538 549 1700 596 neque
1723 532 1919 598 reprimi

163 629 237 671 125
262 611 478 674 potuisse
525 621 573 662 et
619 612 722 662 iure
769 630 875 662 esse
922 615 1257 662 conflatam?
1294 612 1461 662 Potuit
1507 612 1588 662 hic
1633 615 1772 663 locus
1817 623 1918 663 tam
1940 626 1968 672 5

259 708 454 756 anceps,
483 702 582 741 tam
608 693 868 753 inauditus,
892 702 992 742 tam
1016 693 1245 753 lubricus,
1268 702 1367 742 tam
1393 710 1549 742 novus
1574 693 1679 743 sine
1703 696 1920 758 quadam

260 771 534 822 incredibili
570 774 616 822 vi
651 791 708 823 ac
745 776 973 823 facultate
1010 768 1208 824 dicendi
1244 773 1475 823 tractari?
1544 775 1680 837 Quid
1723 792 1816 839 ego
1855 777 1922 826 de

263 853 354 904 Cn.
379 854 549 914 Manli,
578 854 699 918 quid
723 856 786 904 de
812 858 873 917 Q.
899 854 1047 918 Regis
1073 855 1500 904 commiseratione
1525 854 1725 905 dicam?
1781 855 1920 918 Quid

262 935 326 983 de
371 934 477 983 aliis
524 935 1009 985 innumerabilibus?
1092 939 1152 984 In
1201 936 1379 999 quibus
1427 938 1524 986 hoc
1558 953 1663 986 non
1708 936 1920 986 maxime

261 1014 436 1064 enituit
467 1017 603 1079 quod
632 1016 722 1065 tibi
757 1033 929 1065 omnes
966 1018 1100 1076 dant,
1125 1033 1336 1066 acumen
1371 1018 1627 1080 quoddam
1661 1017 1917 1082 singulare,
1944 1035 1996 1068 ιο

166 1147 196 1182 2
261 1097 349 1145 sed
374 1098 496 1146 haec
520 1097 642 1160 ipsa,
667 1114 793 1160 quae
825 1114 959 1147 nunc
994 1099 1058 1147 ad
1088 1114 1167 1146 me
1202 1099 1427 1160 delegare
1450 1097 1536 1157 vis,
1563 1115 1622 1147 ea
1652 1114 1847 1162 semper
1868 1098 1923 1148 in

162 1148 236 1252 1296
261 1186 309 1226 te
334 1176 509 1226 eximia
537 1186 585 1227 et
617 1178 912 1242 praestantia
946 1180 1172 1227 fuerunt.'
1240 1180 1371 1226 Tum
1398 1179 1607 1229 Catulus
1630 1181 1642 1205 ‘
1660 1195 1752 1243 ego
1774 1196 1892 1229 vero
1909 1181 1922 1203 ²

260 1259 420 1324 inquit
458 1260 539 1308 ‘in
576 1260 717 1310 vobis
758 1262 854 1310 hoc
901 1260 1112 1309 maxime
1147 1259 1380 1310 ⁴admirari
1418 1262 1572 1322 sole0,
1612 1261 1762 1324 quod,
1806 1277 1922 1311 cum

259 1340 385 1390 inter
419 1358 506 1390 vos
547 1341 598 1390 in
640 1341 854 1391 dicendo
896 1340 1208 1391 dissimillimi
1244 1340 1360 1402 sitis,
1398 1341 1467 1390 ita
1506 1350 1674 1391 tamen
1713 1350 1925 1406 uterque

259 1432 473 1472 vestrum
498 1423 642 1484 dicat,
670 1433 723 1472 ut
757 1423 801 1472 ei
834 1423 955 1471 nihil
987 1440 1150 1486 neque
1181 1439 1211 1471 a
1238 1432 1411 1472 natura
1433 1424 1732 1487 denegatum
1755 1439 1919 1487 neque
1945 1438 1993 1484 15

259 1522 289 1552 a
335 1504 558 1554 doctrina
604 1521 706 1554 non
753 1507 971 1554 delatum
1020 1522 1126 1554 esse
1172 1504 1422 1566 videatur,
1475 1521 1574 1568 qua
1618 1522 1683 1565 re,
1728 1506 1923 1565 Crasse,
2009 1496 2012 1499 ⁵

260 1603 422 1650 neque
455 1595 507 1635 tu
540 1595 623 1635 tua
655 1586 891 1635 suavitate
923 1603 1017 1636 nos
1047 1585 1272 1650 privabis,
1300 1595 1365 1647 ut,
1394 1585 1434 1634 si
1467 1585 1587 1649 quid
1610 1586 1676 1634 ab
1698 1584 1924 1635 Antonio

259 1677 343 1716 aut
366 1667 761 1732 praetermissum
786 1677 870 1717 aut
901 1667 1124 1717 relictum
1157 1667 1231 1727 sit,
1259 1684 1360 1716 non
1393 1666 1604 1731 explices
1621 1660 1642 1728 ς’
1668 1682 1832 1730 neque
1855 1674 1918 1726 te,

261 1748 463 1809 Antoni,
507 1749 547 1798 si
588 1749 707 1813 quid
754 1766 856 1798 non
903 1748 1092 1807 dixeris,
1134 1747 1523 1797 existimabimus
1559 1764 1662 1796 non
1702 1745 1923 1811 potuisse

162 1842 238 1887 127
262 1830 425 1894 potius
451 1848 598 1894 quam
623 1848 652 1880 a
671 1832 849 1881 Crasso
874 1829 972 1879 dici
997 1829 1255 1879 maluisse.'
1310 1829 1410 1878 Hic
1431 1831 1636 1880 Crassus
1663 1833 1675 1855 ‘
1690 1828 1810 1892 quin
1835 1829 1919 1888 tu,’
1943 1850 1996 1879 20

260 1910 419 1976 inquit
459 1911 678 1971 ‘Antoni,
717 1911 901 1961 omittis
939 1911 1044 1970 ista,
1083 1927 1208 1974 quae
1254 1909 1564 1974 proposuisti,
1602 1926 1729 1973 quae
1769 1925 1923 1959 nemo

259 1994 436 2042 horum
472 1992 744 2043 desiderat:
784 1992 963 2056 quibus
997 2009 1055 2041 ex
1086 1991 1207 2040 locis
1240 2008 1310 2051 ea,
1339 2008 1465 2054 quae
1494 1990 1707 2040 dicenda
1730 1999 1845 2039 sunt
1867 1989 1920 2039 in

259 2073 432 2134 causis,
482 2073 809 2137 reperiantur,
859 2090 985 2136 quae
1026 2088 1327 2135 quamquam
1368 2089 1398 2120 a
1437 2081 1485 2120 te
1523 2088 1654 2120 novo
1700 2071 1919 2134 quodam

261 2157 415 2205 modo
449 2156 791 2219 praeclareque
828 2153 1070 2213 dicuntur,
1106 2162 1220 2202 sunt
1258 2162 1423 2201 tamen
1459 2161 1507 2202 et
1542 2169 1592 2201 re
1624 2151 1840 2201 faciliora
1871 2160 1920 2200 et

261 2236 531 2301 praeceptis
555 2245 842 2300 pervagata,
877 2235 959 2284 illa
982 2237 1217 2299 deprome
1241 2234 1385 2283 nobis
1409 2235 1543 2283 unde
1565 2234 1770 2294 adferas,
1791 2249 1919 2297 quae
1945 2246 1993 2289 25
2072 2296 2077 2300 ⁴

263 2317 545 2382 saepissime
569 2326 744 2367 tractas
770 2334 1061 2382 semperque
1086 2316 1348 2366 divinitus.'

165 2411 239 2451 128
334 2402 665 2463 ‘Depromam
703 2399 964 2463 equidem,'
1006 2399 1165 2463 inquit
1207 2403 1281 2448 ‘et
1328 2415 1427 2462 quo
1474 2397 1662 2446 facilius
1707 2396 1759 2447 id
1805 2413 1834 2445 a
1870 2403 1920 2445 te

263 2479 464 2544 exigam,
484 2482 619 2544 quod
639 2490 768 2544 peto,
786 2480 907 2529 nihil
926 2480 1015 2530 tibi
1038 2497 1068 2529 a
1093 2497 1171 2529 me
1196 2479 1462 2544 postulanti
1481 2479 1731 2528 recusabo.
1772 2479 1923 2527 Meae

321 2611 371 2648 M
390 2631 423 2643 =
445 2611 577 2649 ΑΕΗ
707 2624 724 2649 1
757 2625 781 2651 e
796 2624 840 2650 re
861 2611 1029 2661 publica
1049 2611 1159 2662 vulg.
1178 2626 1185 2650 z
1216 2610 1319 2660 reip.
1346 2610 1440 2649 Mm
1459 2624 1468 2649 z
1497 2609 1601 2660 reip.
1626 2621 1750 2648 causa
1770 2607 1922 2647 maluit

263 2663 464 2704 Friedrich
574 2678 600 2716 3
628 2671 744 2706 esset
759 2679 839 2706 om.
865 2666 960 2704 Mm
1070 2678 1095 2714 4
1125 2665 1296 2704 miserat
1317 2664 1370 2702 M
1475 2675 1499 2714 5
1530 2663 1740 2713 potuisset
1756 2663 1849 2703 iure
1869 2662 1923 2701 M

265 2719 291 2756 8
322 2719 453 2758 Mallii
473 2718 540 2757 Μ2
745 2733 773 2770 9
801 2721 881 2759 hoc
903 2733 987 2758 non
1009 2719 1192 2759 maxime
1212 2718 1285 2757 M:
1318 2719 1397 2757 hoc
1420 2718 1602 2757 maxime
1622 2730 1709 2756 non
1731 2730 1798 2756 m:
1829 2728 1918 2756 non
1984 2754 1986 2756 ,

265 2774 445 2812 maxime
476 2774 556 2812 hoc
577 2774 613 2812 L
781 2786 825 2813 11
860 2787 967 2824 quae
988 2786 1158 2823 semper
1176 2772 1289 2812 Bake
1402 2785 1451 2822 19
1480 2771 1656 2810 disseris
1680 2767 1735 2808 M
1865 2783 1922 2810 22.

265 2826 351 2865 sint
371 2841 460 2867 recc.
482 2841 564 2866 non
585 2827 693 2867 nulli
796 2840 849 2878 23
877 2840 986 2877 quae
1007 2839 1258 2878 quamquam
1273 2826 1382 2874 vulg.
1405 2840 1414 2865 :
1444 2822 1762 2875 quamquamM
1865 2835 1916 2874 27

264 2880 401 2931 inquit
416 2881 631 2921 Antonius
653 2881 689 2919 L
854 2883 906 2920 28
935 2887 1034 2932 peto
1054 2880 1095 2919 A
1117 2895 1123 2921 :
1155 2886 1297 2932 petam
1315 2879 1376 2920 E:
1420 2884 1520 2929 peto
1540 2891 1565 2917 a
1580 2883 1624 2918 te
1645 2878 1682 2917 L
