2150 3444
0 994 9 1003 ⁴
0 458 23 970 l'WZC,„—uw5ss⁷'”bss!⁸ffvm'fl
0 325 18 431 Vss'JVi‘OE‘
11 278 15 291 ,.

94 91 98 94 ,
74 59 98 77 Γ*

101 66 118 90 A!

125 95 127 98 -
117 42 137 70 >-

763 146 859 193 DE
895 143 1236 193 ORATORE
1309 144 1362 190 II

230 283 315 348 qui
339 284 436 332 hoc
460 282 646 346 primus
671 282 722 331 in
747 290 940 331 nostros
966 297 1127 329 mores
1159 278 1370 339 induxit,
1395 279 1480 342 qui
1505 279 1717 328 maxime
1741 278 1892 339 auxit,

230 363 317 428 qui
351 365 486 413 solus
522 363 695 414 effecit.
770 365 1002 426 Namque
1026 378 1132 425 ego,
1162 359 1589 419 Catule,——dicam
1623 359 1755 408 enim
1788 377 1891 408 non

229 461 454 495 reverens
488 443 785 494 adsentandi
820 440 1479 508 suspicionem—neminem
1512 457 1620 489 esse
1647 450 1891 490 oratorem

229 528 379 591 paulo
403 525 732 576 inlustriorem
756 524 963 575 arbitror
979 522 1163 591 [neque
1180 525 1428 572 Graecum
1452 539 1616 585 neque
1637 519 1892 588 Latinum]

181 627 205 669 5
229 624 380 672 quem
410 616 545 657 aetas
577 616 745 657 nostra
779 605 957 667 tulerit,
984 622 1134 670 quem
1164 621 1268 653 non
1301 612 1350 653 et
1386 620 1534 667 saepe
1563 612 1611 651 et
1636 602 1894 666 diligenter

227 687 503 751 audierim,
555 687 722 753 itaque
763 686 804 737 si
850 686 973 751 quid
1019 695 1093 735 est
1139 685 1190 734 in
1232 685 1523 749 me——quod
1563 683 1662 732 iam
1701 701 1894 748 sperare

227 768 411 830 videor,
439 769 676 834 quoniam
709 767 912 833 quidem
941 784 1044 828 vos,
1076 767 1152 816 his
1189 766 1397 832 ingeniis
1430 765 1672 827 homines,
1701 774 1892 814 tantum

228 866 409 916 operae
446 850 569 900 mihi
609 851 674 900 ad
714 849 1022 900 audiendum
1064 848 1323 899 datis—ex
1363 865 1424 898 eo
1463 857 1550 908 est,
1593 848 1730 911 quod
1771 847 1894 896 nihil

226 928 496 997 quisquam
525 948 766 996 umquam
802 948 884 980 me
918 930 1153 980 audiente
1189 930 1287 995 egit
1323 939 1499 990 orator,
1532 930 1669 993 quod
1705 946 1807 979 non
1842 928 1895 978 in

155 1030 207 1067 ιο
226 1013 467 1064 memoria
506 1031 619 1064 mea
657 1013 856 1079 penitus
892 1012 1160 1063 insederit:
1214 1012 1380 1076 itaque
1419 1029 1511 1076 ego
1552 1012 1606 1071 is,
1645 1010 1732 1076 qui
1767 1028 1892 1072 sum,

227 1104 661 1160 quantuscumque
718 1113 829 1145 sum
889 1097 954 1145 ad
1018 1094 1358 1155 iudicandum,
1421 1093 1656 1143 omnibus
1712 1092 1894 1143 auditis

225 1176 516 1239 oratoribus,
542 1177 650 1228 sine
678 1178 778 1227 ulla
809 1175 1121 1227 dubitatione
1150 1176 1222 1225 sic
1253 1185 1418 1225 statuo
1450 1184 1500 1225 et
1531 1174 1713 1235 iudico,
1741 1174 1895 1224 nemi-

225 1275 342 1309 nem
378 1258 604 1310 omnium
635 1267 710 1308 tot
742 1267 791 1308 et
823 1267 973 1318 tanta,
1000 1267 1187 1322 quanta
1218 1256 1317 1307 sint
1352 1257 1404 1306 in
1439 1258 1633 1316 Crasso,
1660 1256 1894 1307 habuisse

225 1349 517 1390 ornamenta
562 1339 777 1391 dicendi.
851 1342 1018 1402 Quam
1066 1340 1133 1389 ob
1181 1356 1299 1400 rem,
1341 1338 1382 1388 si
1419 1355 1507 1388 vos
1549 1355 1750 1402 quoque
1796 1340 1894 1388 hoc

153 1438 200 1485 1¹5
222 1419 359 1471 idem
382 1421 682 1482 existimatiS,
708 1438 812 1471 non
835 1420 938 1481 erit,
966 1429 1021 1470 ut
1049 1420 1239 1484 opinor,
1266 1420 1437 1484 iniqua
1460 1419 1671 1485 partiti0,
1698 1419 1751 1481 si,
1779 1437 1891 1470 cum

223 1519 316 1566 ego
357 1504 493 1553 hunc
527 1512 784 1563 oratorem,
825 1519 978 1566 quem
1019 1519 1154 1551 nunc
1189 1503 1337 1565 fingo,
1377 1511 1431 1550 ut
1472 1500 1672 1562 institui,
1711 1518 1892 1562 crearo,

222 1585 404 1645 aluero,
445 1585 755 1646 confirmaro,
794 1585 986 1633 tradam
1033 1600 1150 1633 eum
1189 1584 1370 1634 Crasso
1411 1593 1460 1632 et
1497 1582 1809 1632 vestiendum
1846 1592 1896 1634 et

223 1666 535 1716 ornandum!
604 1668 738 1715 Tum
763 1666 982 1725 Crassus,
1010 1668 1025 1691 ‘
1042 1673 1095 1714 tu
1120 1666 1267 1724 vero,'
1290 1663 1452 1728 inquit
1481 1663 1703 1724 ‘Antoni,
1731 1681 1892 1728 perge,

223 1755 279 1796 ut
300 1746 582 1808 instituisti3
628 1764 793 1811 neque
817 1746 950 1796 enim
980 1755 1054 1796 est
1084 1745 1207 1795 boni
1238 1762 1402 1810 neque
1427 1745 1639 1795 liberalis
1664 1745 1893 1809 parentis,

151 1843 201 1873 20
223 1843 375 1893 quem
433 1828 703 1893 procrearis
762 1837 811 1877 et
868 1827 1108 1887 eduxeris,
1171 1844 1287 1876 eum
1345 1844 1449 1876 non
1509 1835 1557 1876 et
1614 1827 1790 1877 vestire
1848 1837 1898 1877 et

222 1926 410 1970 ornare,
456 1909 746 1976 praesertim
800 1926 915 1959 cum
971 1918 1020 1958 te
1067 1911 1368 1973 locupletem
1415 1925 1523 1957 esse
1571 1926 1748 1973 negare
1794 1926 1897 1960 non

221 1990 395 2055 possis.
482 1992 637 2054 Quod
674 1990 808 2040 enim
855 1999 1217 2051 ornamentum,
1259 2006 1387 2053 quae
1425 1989 1510 2050 vis,
1556 1989 1641 2053 qui
1687 1989 1896 2051 animus,

222 2088 351 2136 quae
374 2070 588 2136 dignitas
612 2071 682 2120 illi
712 2071 891 2122 oratori
924 2071 1098 2132 defuit,
1122 2070 1207 2135 qui
1240 2070 1292 2120 in
1324 2088 1473 2120 causa
1496 2073 1772 2135 peroranda
1796 2089 1899 2122 non

221 2152 466 2203 dubitavit
495 2153 705 2203 excitare
737 2170 876 2203 reum
913 2155 1224 2203 consularem
1261 2162 1310 2203 et
1346 2153 1451 2203 eius
1486 2152 1743 2203 diloricare
1775 2154 1900 2203 tuni-

150 2251 199 2294 ²5
222 2251 334 2285 cam
357 2243 407 2285 et
430 2234 678 2285 iudicibus
703 2234 953 2285 cicatrices
978 2237 1207 2285 adversas
1244 2235 1374 2285 senis
1407 2235 1713 2300 imperatoris
1738 2245 1898 2286 osten·

221 2316 379 2366 dere?
425 2315 511 2380 qui
559 2315 707 2376 idem,
748 2318 846 2366 hoc
892 2326 1158 2366 accusante
1196 2316 1430 2381 Sulpicio,
1471 2334 1585 2366 cum
1633 2317 1895 2368 hominem

222 2396 514 2448 seditiosum
538 2397 877 2462 furiosumque
902 2400 1208 2460 defenderet,
1233 2415 1336 2448 non
1361 2398 1605 2448 dubitavit
1629 2398 1896 2450 seditiones

221 2477 354 2543 ipsas
377 2495 551 2529 ornare
575 2495 634 2528 ac
666 2480 1006 2530 demonstrare
1037 2479 1333 2544 gravissimis
1358 2479 1518 2529 verbis
1543 2482 1725 2530 multos
1750 2498 1898 2546 saepe

222 2558 437 2624 impetus
484 2559 656 2625 populi
702 2577 804 2610 non
852 2560 1060 2610 iniustos
1108 2578 1228 2621 esse,
1280 2578 1405 2624 quos
1458 2571 1701 2626 praestare
1747 2579 1899 2614 nemo

279 2690 333 2730 M
350 2710 386 2725 =
406 2690 544 2731 AEH
707 2704 724 2730 1
759 2692 922 2743 primus
943 2692 1006 2734 L:
1037 2692 1219 2744 primum
1240 2692 1336 2732 Mm
1462 2693 1603 2733 hausit
1624 2693 1719 2734 Mm
1868 2707 1894 2743 4

223 2758 362 2797 neque
385 2776 395 2786 .
416 2776 427 2787 .
451 2777 459 2786 .
482 2746 679 2786 Latinum
699 2746 862 2786 seclusit
878 2746 994 2787 Bake
1104 2758 1129 2796 5
1158 2761 1290 2799 saepe
1310 2748 1479 2788 tulerim
1500 2754 1544 2787 et
1565 2748 1662 2788 Mm
1774 2761 1795 2798 7
1826 2749 1894 2790 his

223 2800 409 2850 ingeniis
429 2813 518 2840 recc.
540 2814 550 2840 ε
580 2799 672 2841 eius
693 2800 855 2851 ingenii
876 2800 931 2840 M
1035 2802 1062 2840 8
1090 2801 1193 2841 mihi
1216 2815 1331 2843 rem:
1362 2802 1469 2842 nihil
1493 2802 1547 2841 M
1676 2816 1725 2844 10
1753 2804 1894 2855 itaque

223 2867 307 2905 ego
331 2854 406 2893 M:
435 2861 562 2905 atque
590 2868 672 2906 ego
699 2868 789 2895 νει-ε.
910 2856 959 2894 16
987 2856 1136 2896 crebro
1168 2857 1372 2896 adiuvero
1403 2857 1661 2898 confirmabo
1682 2858 1736 2898 M
1845 2871 1895 2909 19

223 2908 338 2949 enim
361 2921 443 2949 om.
469 2909 523 2948 M
666 2923 719 2960 24
748 2910 844 2950 dius
863 2909 1205 2963 dilodicariAH,
1231 2910 1340 2951 unde
1359 2911 1505 2963 digitis
1521 2924 1604 2952 non
1626 2912 1735 2952 nulli
1841 2915 1896 2954 26

222 2970 450 3005 accusante
490 2977 580 3006 recc.
601 2980 610 3005 z
639 2970 741 3005 ante
762 2964 816 3003 M

1914 139 1981 188 28
2004 159 2078 188 121

1918 373 1992 401 122

1919 1356 1998 1397 123

1921 1681 2000 1723 ¹²4
