2150 3444
162 145 217 195 18
238 153 292 194 66
775 145 844 194 M.
883 146 1093 194 TVLLI
1131 140 1513 195 CICERONIS

239 287 291 341 67
314 281 542 346 expedire
566 281 823 347 possimus.
886 281 1085 347 Reliqui
1109 290 1223 331 sunt
1248 281 1557 346 Peripatetici
1581 291 1629 332 et
1653 283 1939 334 Academici
1950 302 1970 348 ¹;

313 379 614 428 quamquam
662 362 1074 414 Academicorum
1132 379 1316 413 nomen
1363 372 1436 413 est
1482 381 1650 425 unum,
1699 364 1971 418 sententiae

313 445 441 493 duae
458 462 471 505 3
530 461 645 493 nam
692 444 993 509 Speusippus
1043 443 1261 492 Platonis
1314 443 1490 494 sororis
1537 443 1664 494 filius
1712 454 1761 495 et
1807 448 1971 497 Xenou

313 533 481 586 crateS‚
517 525 602 589 qui
639 527 895 575 Platonem
930 525 1163 585 audierat,
1196 534 1244 574 et
1279 525 1364 589 qui
1399 528 1728 576 Xenocratem
1764 528 1971 576 Polemo

313 613 362 653 et
388 606 607 664 Crantor,
642 605 764 654 nihil
795 606 859 654 ab
892 606 1167 665 Aristotele,
1195 605 1280 669 qui
1316 622 1415 654 una
1447 605 1668 656 audierat
1697 608 1967 667 Platonem,
1993 620 2017 663 5

313 701 494 748 magno
546 703 693 750 opere
748 686 976 736 dissensit
992 705 1006 747 ;
1064 686 1207 750 copia
1265 688 1467 735 fortasse
1521 695 1570 735 et
1620 686 1852 737 varietate
1902 686 1971 737 di-

313 764 459 814 cendi
483 783 622 829 pares
646 783 747 815 non
772 768 966 815 fuerunt
986 785 995 815 :
1032 765 1274 815 Arcesilas
1298 766 1525 830 primum,
1547 766 1631 829 qui
1648 769 1971 817 Polemonem

312 844 545 905 audierat,
582 864 641 895 ex
675 845 815 895 variis
850 846 1067 896 Platonis
1102 846 1236 895 libris
1272 846 1679 911 sermonibusque
1712 846 1972 897 Socraticis

314 925 409 973 hoc
434 924 644 974 maxime
667 925 891 989 adripuit,
920 926 1042 974 nihil
1071 943 1178 976 esse
1210 925 1328 975 certi
1353 928 1488 989 quod
1518 935 1603 975 aut
1635 925 1858 976 sensibus
1885 935 1972 978 aut
2008 952 2011 954 ·

308 1004 480 1054 animo
514 1005 698 1069 percipi
734 1006 920 1070 possit3
973 1023 1122 1069 quern
1163 1008 1324 1055 ferunt
1359 1006 1538 1055 eximio
1573 1008 1790 1070 quodam
1826 1024 1971 1057 usum
1997 1024 2049 1055 10

313 1088 480 1149 lepore
526 1086 725 1136 dicendi
775 1096 1089 1150 aspernatum
1144 1103 1250 1136 esse
1301 1104 1449 1136 omne
1502 1087 1654 1136 animi
1701 1104 1972 1153 sensusque

313 1166 550 1216 iudicium
586 1167 898 1231 primumque
934 1167 1569 1232 instituisse—quamquam
1602 1167 1654 1218 id
1685 1168 1775 1217 fuit
1807 1171 1974 1219 Socra-

314 1247 466 1296 ticum
491 1248 873 1298 maxime—non
898 1248 1018 1312 quid
1043 1248 1147 1313 ipse
1172 1249 1371 1298 sentiret
1396 1251 1668 1310 ostendere,
1691 1250 1778 1299 sed
1802 1258 1974 1301 contra

239 1341 291 1382 68
314 1326 377 1388 id,
407 1331 543 1392 quod
567 1329 777 1393 quisque
806 1346 863 1382 se,
894 1328 1072 1378 sentire
1105 1328 1321 1390 dixisset,
1346 1329 1605 1393 disputare.
1681 1330 1817 1379 Hinc
1848 1332 1990 1383 haec.

312 1409 553 1459 recentior
576 1409 849 1459 Academia
881 1409 1108 1470 manavit,
1136 1409 1187 1458 in
1220 1427 1318 1474 qua
1352 1410 1531 1459 exstitit
1563 1410 1729 1461 divina
1756 1413 1971 1475 quadam
1997 1427 2045 1468 15

311 1490 557 1540 celeritate
604 1490 769 1555 ingeni
815 1491 1115 1555 dicendique
1155 1491 1299 1556 copia
1337 1492 1651 1554 Carneades3
1699 1491 1838 1542 cuius
1878 1509 1972 1557 ego

311 1571 403 1621 etsi
457 1573 638 1620 multos
693 1572 940 1621 auditores
995 1571 1205 1636 cognovi
1255 1571 1478 1632 Athenis,
1529 1581 1695 1622 tamen
1747 1581 1972 1623 auctores

311 1651 608 1702 certissimos
644 1654 842 1703 laudare
876 1670 1079 1718 possum
1117 1661 1165 1701 et
1204 1670 1428 1704 socerum
1463 1671 1631 1704 meum
1668 1655 1968 1715 Scaevolam,

311 1732 397 1797 qui
433 1750 546 1783 eum
584 1735 776 1783 Rornae
811 1734 998 1784 audivit
1033 1736 1337 1796 adulescens,
1369 1744 1417 1784 et
1450 1738 1511 1799 Q.
1541 1737 1801 1786 Metellum
1830 1738 1885 1785 L.
1914 1737 1968 1785 F.

312 1814 599 1864 familiarem
634 1832 815 1874 meum,
843 1814 1165 1864 clarissimum
1190 1815 1360 1875 virum,
1388 1816 1473 1880 qui
1505 1816 1644 1866 illum
1666 1834 1698 1866 a
1725 1833 1778 1866 se
1806 1818 1972 1867 adule-
1995 1831 2048 1863 20

314 1903 482 1944 scente
506 1894 715 1944 Athenis
739 1894 837 1943 iam
861 1896 1110 1945 adfectum
1135 1905 1387 1946 senectute
1411 1899 1593 1946 multos
1616 1896 1722 1947 dies
1745 1896 1971 1947 auditum

314 1992 420 2025 esse
446 1975 654 2026 dicebat.
729 1979 872 2026 Haec
895 1985 1076 2037 autem,
1103 1986 1157 2026 ut
1189 1994 1249 2027 ex
1272 1977 1574 2042 Appennino
1598 1977 1875 2039 fluminum,
1900 1978 1971 2028 sic

313 2073 372 2105 ex
396 2056 650 2106 communi
673 2056 940 2121 sapientiae
964 2057 1078 2122 iugo
1102 2067 1217 2107 sunt
1240 2058 1573 2108 doctrinarum
1595 2061 1724 2108 facta
1746 2058 1970 2120 divortia,

311 2146 364 2185 ut
399 2137 681 2201 philosophi
717 2147 969 2202 tamquam
1004 2138 1056 2186 in
1091 2156 1323 2203 superum
1354 2157 1487 2190 mare
1518 2136 1759 2206 [Ionium]
1789 2141 1970 2190 deflue-

310 2226 418 2266 rent
460 2219 704 2267 Graecum
745 2220 999 2282 quoddam
1038 2227 1087 2269 et
1123 2229 1430 2284 portuosum,
1465 2229 1679 2271 oratores
1716 2229 1881 2270 autem
1917 2220 1969 2270 in
1995 2236 2043 2276 25

310 2299 519 2349 inferum
560 2301 669 2359 hoc,
705 2302 926 2350 Tuscum
967 2309 1016 2350 et
1054 2301 1329 2362 barbarum,
1368 2303 1683 2366 scopulosum
1717 2310 1867 2366 atque
1900 2301 1970 2351 in-

240 2402 289 2448 70
310 2382 488 2430 festum
513 2381 803 2441 laberentur,
830 2381 881 2430 in
911 2399 1011 2446 quo
1046 2382 1195 2432 etiam
1230 2382 1335 2447 ipse
1360 2383 1531 2433 Ulixes
1566 2391 1781 2433 errasset.
1854 2384 1970 2445 Qua

310 2478 372 2519 re,
401 2460 441 2510 si
466 2463 558 2511 hac
590 2462 872 2526 eloquentia
901 2472 1051 2527 atque
1086 2465 1183 2512 hoc
1215 2472 1405 2514 oratore
1428 2462 1648 2513 contenti
1672 2480 1858 2525 sumus,
1881 2462 1969 2527 qui

309 2541 429 2590 sciat
474 2551 559 2591 aut
605 2561 782 2607 negare
829 2554 1066 2608 oportere,
1108 2546 1245 2608 quod
1289 2562 1506 2609 arguare,
1534 2554 1639 2604 aut,
1680 2544 1721 2594 si
1766 2544 1819 2597 id
1863 2561 1972 2594 non·

309 2622 479 2686 possis,
512 2632 618 2672 tum
654 2627 929 2687 ostendere,
954 2627 1091 2689 quod
1126 2624 1166 2674 is
1201 2624 1384 2686 fecerit,
1409 2624 1495 2689 qui
1529 2624 1847 2685 insimuletur,
1881 2633 1967 2674 aut
1991 2643 2044 2682 30

309 2712 438 2752 recte
467 2706 651 2754 factum
686 2714 771 2754 aut
804 2706 1001 2755 alterius
1036 2707 1182 2770 culpa
1214 2714 1299 2754 aut
1333 2705 1507 2755 iniuria
1539 2715 1625 2755 aut
1652 2723 1712 2755 ex
1741 2707 1848 2770 lege
1881 2713 1967 2755 aut

309 2801 411 2832 non
430 2794 599 2834 contra
617 2788 775 2849 legem
799 2796 884 2835 aut
907 2785 1238 2850 imprudentia
1259 2795 1344 2835 aut
1367 2785 1659 2848 necessario,
1675 2794 1760 2835 aut
1778 2802 1966 2836 non-eo

232 1950 292 1998 Ι9

238 2014 290 2066 69

363 2915 391 2952 6
419 2915 619 2954 dissensit
638 2914 748 2955 codd.
773 2928 783 2953 :
812 2915 1110 2955 dissenserunt
1128 2913 1364 2956 Lambinus
1544 2928 1572 2964 9
1599 2915 1704 2955 certi
1732 2914 1831 2954 delet
1854 2913 1967 2954 Bake

310 2980 361 3017 23
390 2969 627 3018 sapientiae
646 2969 834 3008 Nonius:
866 2969 1124 3020 sapientium
1145 2968 1256 3010 codd.
1433 2982 1485 3018 24
1516 2969 1679 3009 Ionium
1697 2968 1785 3010 secl.
1805 2967 1969 3019 Kayser

308 3034 361 3071 32
390 3028 461 3060 aut
483 3035 566 3061 non
587 3035 639 3061 eo
659 3023 770 3075 vulg.
789 3037 799 3062 z
829 3029 900 3063 aut
921 3023 964 3062 in
984 3036 1036 3064 eo
1057 3023 1166 3064 codd.
