2112 3444
52 163 58 169 ·
129 173 184 221 13
210 168 269 220 58
747 161 816 208 M.
854 161 1063 208 TVLLI
1101 161 1481 211 CICERONIS

283 309 588 364 anteponant
635 300 685 349 in
732 302 829 350 hoc
874 317 1051 364 genere
1097 309 1145 350 et
1186 302 1284 349 Ser.
1319 300 1517 349 'Galbae
1557 309 1606 349 et
1643 317 1815 350 socero
1850 309 1941 353 tuo
2016 357 2019 360 ,

209 396 260 440 59
285 382 341 431 C.
363 381 545 442 Laelio,
563 398 688 444 quos
707 390 898 430 constat
913 380 1111 430 dicendi
1125 380 1277 443 gloria
1291 380 1599 443 praestitisse.
1650 382 1941 444 Numquam·

282 461 417 510 enim
458 461 650 524 negabo
688 478 794 510 esse
835 462 1075 524 quasdam
1112 460 1260 524 partis
1298 459 1518 523 proprias
1553 477 1739 521 eorum,
1765 460 1852 524 qui
1885 460 1940 509 in

283 541 359 591 his
406 541 763 605 cognoscendis
809 551 958 604 atque
1003 540 1268 590 tractandis
1314 540 1533 589 studium
1588 557 1733 590 suum
1787 557 1939 591 omne

284 632 566 686 posuerunt,
594 624 682 671 sed
706 631 947 672 oratorem
972 624 1175 686 plenum
1198 631 1347 685 atque
1370 623 1642 685 perfectum
1674 638 1781 672 esse
1804 638 1934 682 eum,
1960 637 1983 678 5

285 703 370 766 qui
417 705 480 753 de
526 703 757 753 omnibus
804 704 948 753 rebus
1003 703 1181 766 possit·
1214 703 1415 766 copiose
1470 703 1700 766 varieque
1756 702 1934 753 dicere.

207 789 263 836 14
287 783 485 832 Etenim
531 800 678 846 saepe
723 783 774 831 in
829 783 897 832 eis
955 782 1127 843 causis,
1177 799 1298 846 quas
1345 799 1518 831 omnes
1564 781 1783 846 proprias
1828 799 1938 832 esse

284 873 532 914 oratorum
592 865 899 924 confitentur,
965 873 1038 913 est
1097 863 1297 927 aliquid,
1365 865 1502 927 quod
1555 880 1657 913 non
1722 881 1782 914 ex
1843 880 1937 914 usu

282 943 477 1004 forensi,
532 959 681 1007 quern
734 945 894 993 solum
947 942 1219 993 oratoribus
1272 943 1557 1004 conceditis,
1601 945 1690 994 sed
1735 960 1796 995 ex
1851 944 1943 994 ob-

281 1023 495 1073 scuriore
550 1023 715 1087 aliqua
771 1022 973 1072 scientia
1034 1023 1095 1072 sit
1151 1025 1480 1087 promendum
1537 1032 1686 1087 atque
1743 1039 1937 1073 sumen-
1961 1039 2029 1075 10·

191 1111 260 1152 >60
282 1104 416 1152 dum.
503 1104 703 1165 Quaero
744 1103 876 1152 enim
911 1120 1032 1151 num
1069 1102 1224 1167 possit
1259 1112 1344 1152 aut
1385 1111 1555 1152 contra
1590 1103 1935 1167 imperatorem

280 1191 365 1231 aut
406 1199 495 1248 pro
535 1183 827 1247 imperatore
868 1182 967 1233 dici
1005 1182 1111 1232 sine
1145 1183 1214 1232 rei
1255 1182 1474 1232 militaris
1519 1199 1613 1232 usu
1657 1192 1743 1232 aut
1787 1199 1936 1247 saepe

280 1263 429 1312 etiam
453 1263 560 1313 sine
583 1263 838 1327 regionum
863 1263 1159 1313 terrestrium
1194 1272 1278 1312 aut
1313 1262 1666 1313 maritimarum
1700 1263 1906 1314 scientia
1920 1282 1942 1326 ς

280 1360 401 1392 num
425 1346 559 1407 apud
582 1345 823 1407 populum
847 1346 910 1393 de
941 1342 1131 1407 legibus
1166 1342 1395 1393 iubendis
1430 1352 1515 1392 aut
1548 1342 1786 1403 vetandiS,
1811 1360 1935 1394 num

278 1423 329 1472 in
371 1433 544 1473 senatu
585 1426 649 1474 de
695 1424 832 1474 omni
871 1424 940 1474 rei
979 1423 1206 1488 publicae
1242 1440 1419 1487 genere
1456 1423 1556 1474 dici
1596 1423 1702 1473 sine
1741 1440 1937 1477 summa
1959 1443 2008 1486 15

278 1520 439 1553 rerum
486 1503 703 1553 civilium
749 1503 1030 1571 cognitione
1070 1513 1119 1552 et
1164 1502 1459 1567 prudentia3
1512 1520 1636 1552 num
1681 1504 1935 1554 admoveri

278 1584 434 1648 possit
470 1584 625 1634 oratio
662 1587 727 1634 ad
765 1601 936 1634 sensus
971 1584 1248 1634 animorum
1279 1593 1428 1647 atque
1459 1592 1624 1633 motus
1643 1585 1726 1633 vel
1748 1583 1941 1634 inflam-

278 1667 488 1715 mandos
528 1667 606 1715 vel
647 1666 795 1715 etiam
833 1665 1228 1729 exstinguendOS,
1271 1666 1408 1728 quod
1449 1681 1604 1714 unum
1644 1664 1696 1714 in
1742 1673 1938 1715 oratore

277 1747 572 1806 dominatur,
590 1746 696 1796 sine
714 1746 1084 1810 diligentissima
1101 1745 1507 1810 pervestigatione
1525 1762 1693 1795 earum
1708 1744 1936 1796 omnium.

278 1826 535 1886 rationum,
586 1843 714 1890 quae
760 1828 824 1875 de
869 1825 1053 1875 naturis
1099 1825 1305 1875 humani
1350 1824 1539 1888 generis
1596 1841 1655 1874 ac
1711 1823 1939 1875 moribus
1957 1841 2010 1872 20

202 1910 251 1952 61
276 1921 307 1954 a
359 1905 666 1969 philosophis
721 1905 1033 1969 explicantur.
1105 1907 1272 1968 Atque
1324 1905 1460 1954 haud
1509 1903 1612 1953 seio
1657 1920 1722 1952 an
1767 1903 1932 1953 minus

276 1985 416 2035 vobis
457 1987 554 2035 hoc
592 1986 684 2035 sim
719 1986 1041 2049 probaturus3
1089 1984 1320 2048 equidem
1358 2001 1461 2033 non
1502 1984 1756 2043 dubitabo,
1793 1986 1932 2047 quod

276 2064 449 2124 sentio,
491 2065 682 2114 dicere:
731 2065 933 2128 physica
970 2065 1062 2114 ista
1098 2064 1205 2128 ipsa
1241 2073 1290 2113 et
1331 2063 1679 2113 mathematica
1714 2072 1764 2112 et
1803 2079 1932 2126 quae

275 2146 423 2207 paulo
447 2153 562 2193 ante
586 2153 854 2193 ceterarum
878 2144 1055 2193 artium
1087 2143 1281 2207 propria
1313 2142 1533 2207 posuisti,
1560 2142 1793 2192 scientiae
1815 2151 1931 2192 sunt

276 2241 460 2285 eorum,
488 2225 573 2289 qui
604 2225 686 2274 illa
717 2226 1017 2288 profitentur,
1046 2224 1288 2274 inlustrari
1312 2233 1479 2273 autem
1503 2223 1724 2274 oratione
1747 2223 1788 2279 si
1819 2224 1930 2287 quis
1953 2242 2003 2283 25

276 2304 391 2353 istas
423 2305 552 2368 ipsas
589 2304 702 2354 artis
726 2305 854 2365 velit,
881 2307 946 2354 ad
979 2305 1181 2354 oratoris
1206 2304 1252 2353 ei
1276 2304 1662 2367 confugiendum
1686 2312 1760 2354 est
1782 2305 1931 2353 facul-

200 2393 251 2435 62
275 2393 438 2434 tatem.
513 2388 690 2448 Neque
736 2385 868 2435 enim
906 2385 948 2435 si
986 2386 1246 2435 Philonem
1286 2385 1426 2434 illum
1465 2384 1801 2444 architectum,
1843 2384 1930 2448 qui

275 2465 661 2516 Atheniensibus
736 2466 1177 2516 armamentarium·
1222 2465 1355 2526 fecit,
1414 2474 1607 2516 constat
1662 2464 1930 2529 perdiserte

274 2548 461 2609 populo
507 2546 746 2596 rationem
794 2547 954 2610 operis
993 2547 1068 2596 sui
1109 2546 1395 2607 reddidisse,
1438 2546 1818 2611 existimandum
1854 2554 1929 2594 est

273 2627 524 2677 architecti
549 2628 711 2691 potius
735 2628 939 2678 artificio
955 2627 1191 2678 disertum
1211 2644 1360 2691 quam
1379 2627 1581 2677 oratoris
1605 2626 1784 2687 fuisse;
1817 2642 1925 2686 nec,
1952 2643 2004 2684 30

274 2705 314 2754 si
355 2706 470 2755 huic
510 2709 579 2755 M.
623 2707 843 2757 Antonio
881 2724 970 2771 pro
1013 2709 1333 2757 Hermodoro
1374 2706 1543 2756 fuisset
1581 2707 1644 2756 de
1681 2704 1927 2756 navalium

273 2801 422 2849 opere
459 2786 741 2846 dicendum,
769 2804 884 2847 non,
919 2803 1034 2839 cum
1071 2788 1136 2837 ab
1173 2786 1258 2836 illo
1295 2803 1493 2836 causam
1531 2785 1796 2846 didicisset,
1821 2784 1927 2849 ipse

327 2913 381 2952 M
389 2935 419 2946 =
436 2913 526 2953 HE
683 2927 708 2964 3
738 2914 939 2964 quasdam
970 2915 1101 2965 partis
1125 2913 1201 2952 M:
1248 2918 1362 2953 artes
1384 2913 1587 2963 quasdam
1616 2910 1654 2951 L
1876 2923 1926 2950 10

273 2969 526 3007 sumendum
545 2967 618 3006 M:
649 2969 957 3007 adsumendum
978 2969 1014 3007 L
1035 2981 1125 3007 rece,
1240 2980 1289 3005 12
1309 2980 1388 3006 usu
1401 2979 1483 3007 om.
1496 2965 1550 3005 M
1651 2975 1707 3018 ‚25
1726 2964 1924 3005 illustrari

274 3021 327 3060 M
340 3037 349 3062 ε
377 3022 585 3061 illustrare
606 3034 693 3062 recc.
826 3035 880 3073 30
907 3034 1030 3072 quam
1050 3021 1232 3061 oratoris
1253 3033 1335 3062 om.
1359 3019 1412 3059 M
1697 3019 1699 3022 ’
