2150 3444
790 148 886 197 DE
923 147 1267 198 ORATORE
1340 148 1423 196 III
1958 153 2099 209 '1765

267 284 614 351 philosophiae
643 287 727 336 fiet
760 285 935 335 iniuria
965 303 995 335 a
1027 285 1172 336 nobis
1193 304 1207 347 3
1243 303 1345 335 non
1370 285 1503 336 enim
1529 289 1789 351 repelletur
1813 287 1947 349 inde,

257 383 370 431 squo
403 367 607 431 adgredi
643 367 827 432 cupiet,
862 369 950 417 sed
986 367 1037 416 in
1073 366 1282 417 hortulis
1317 366 1539 431 quiescet
1574 367 1688 427 suis,
1716 366 1802 416 ubi
1827 370 1943 427 vult,

267 447 354 498 ubi
378 447 528 498 etiam
554 449 796 499 recubans
822 448 1034 498 molliter
1058 457 1107 499 et
1132 448 1342 499 delicate
1366 464 1458 497 nos
1483 456 1658 497 avocat
1680 465 1710 496 a
1736 447 1941 507 Rostris,

265 545 298 578 a
341 526 554 591 iudiciis,
599 547 629 579 a
675 529 821 590 curia,
862 532 1068 580 fortasse
1114 528 1373 594 sapienter,
1418 529 1512 576 hac
1559 527 1844 592 praesertim
1892 546 1944 578 re

219 624 243 665 5
266 610 479 676 publica.
548 614 735 662 Verum
761 629 853 676 ego
877 628 981 661 non
1005 628 1189 675 quaero
1213 627 1360 671 nunc,
1389 626 1518 674 quae
1542 608 1604 658 sit
1628 608 1944 674 philosophia
1966 610 2021 665 64

265 692 535 756 verissima,
560 697 649 744 sed
674 712 802 759 quae
826 694 1006 744 oratori
1030 694 1299 744 coniuncta
1330 692 1544 743 maxime
1563 710 1578 754 3
1625 709 1725 756 qua
1748 709 1799 741 re
1824 691 1944 742 istos

266 772 373 824 sine
396 776 497 824 ulla
519 775 822 825 contumelia
853 775 1160 825 dimittamus
1177 793 1192 837 3
1238 783 1354 824 sunt
1389 773 1524 824 enim
1549 782 1598 823 et
1622 771 1743 823 boni
1768 772 1857 822 viri
1881 782 1943 834 et,

265 855 504 918 quoniam
540 855 634 906 sibi
670 856 738 905 ita
765 856 1011 918 videntur,
1047 856 1181 906 beati
1197 875 1211 918 3
1261 866 1558 921 tantumque
1590 872 1676 905 eos
1711 857 1948 905 admone-

263 951 420 996 amuS,
447 945 502 986 ut
529 935 666 997 illud,
692 936 843 987 etiam
875 937 916 987 si
945 946 1020 988 est
1050 936 1375 998 verissimum,
1403 936 1610 987 tacitum
1634 945 1803 985 tamen
1828 945 1947 985 tam-

191 1035 243 1065 10
264 1033 416 1080 quam
440 1017 727 1081 mysterium
762 1027 981 1081 teneant,
1005 1021 1144 1083 quod
1178 1028 1362 1084 negant
1384 1017 1564 1069 versari
1595 1017 1647 1067 in
1672 1035 1723 1067 re
1747 1018 1949 1082 publica

262 1114 372 1147 esse
396 1097 631 1162 sapientis
652 1117 668 1161 3
701 1116 818 1148 nam
848 1099 890 1149 si
921 1101 1019 1150 hoc
1050 1099 1196 1149 nobis
1231 1109 1382 1164 atque
1418 1099 1611 1163 optimo
1636 1097 1817 1163 cuique
1841 1115 1948 1163 per-

263 1178 519 1240 suaserint,
546 1197 651 1230 non
681 1189 915 1245 poterunt
945 1180 1039 1245 ipsi
1068 1197 1190 1242 esse,
1217 1180 1270 1231 id
1304 1182 1442 1245 quod
1471 1179 1686 1229 maxime
1717 1178 1940 1244 cupiunt,
1967 1213 2024 1260 18

264 1259 424 1310 otiosi.
486 1260 682 1311 Stoicos
705 1271 1031 1326 autem3quos
1055 1261 1261 1312 minime
1285 1261 1532 1327 improbo,
1551 1260 1750 1312 dimitto
1774 1268 1943 1310 tamen
1965 1289 2018 1343 65

263 1357 360 1390 nec
405 1359 492 1392 eos
539 1341 688 1392 iratos
728 1360 915 1405 vereor,
955 1342 1196 1407 quoniam
1243 1343 1451 1393 omnino
1492 1342 1634 1393 irasci
1680 1341 1946 1404 nesciunt3

191 1439 240 1482 15
262 1431 415 1488 atque
449 1425 580 1474 hanc
614 1422 685 1474 eis
721 1424 884 1474 habeo
919 1424 1139 1490 gratiam,
1177 1427 1316 1489 quod
1351 1424 1445 1475 soli
1479 1441 1540 1474 ex
1574 1424 1810 1475 omnibus
1846 1426 1945 1474 elo-

262 1503 520 1569 quentiam
542 1503 774 1556 virtutem
805 1523 865 1556 ac
893 1506 1187 1571 sapientiam
1219 1524 1327 1557 esse
1359 1506 1601 1558 dixerunt.
1676 1508 1775 1557 Sed
1800 1505 1943 1555 nimi-

209 1606 218 1612 ·
262 1602 372 1635 rum
396 1595 472 1637 est
493 1585 548 1637 in
571 1586 666 1649 his,
690 1589 828 1652 quod
851 1588 915 1637 ab
940 1589 1054 1649 hoe,
1079 1605 1230 1653 quem
1256 1587 1542 1638 instruimus
1566 1596 1772 1648 oratore,
1795 1590 1940 1638 valde

259 1666 556 1730 abhorreat3
593 1669 671 1718 vel
702 1670 840 1732 quod
872 1668 1049 1730 omniS,
1076 1669 1163 1734 qui
1196 1669 1443 1734 sapientes
1478 1686 1582 1720 non
1615 1668 1726 1730 sint,
1755 1686 1936 1730 serVOS,

259 1749 488 1810 latroneS‚
529 1749 698 1810 hostis,
743 1749 945 1800 insanos
987 1767 1096 1800 esse
1133 1750 1320 1812 dicunt,
1360 1768 1525 1816 neque
1560 1760 1728 1801 tamen
1769 1768 1940 1815 quem-

188 1845 238 1874 πο
258 1845 411 1893 quam
446 1846 556 1880 esse
588 1829 899 1895 sapientem:
934 1832 1080 1882 va-lde
1113 1841 1282 1882 autem
1317 1841 1394 1882 est
1432 1832 1705 1882 absurdum
1740 1831 1788 1881 ei
1823 1849 1940 1882 con-

257 1909 447 1960 tionem
480 1920 568 1961 aut
601 1920 829 1961 senatum
864 1921 950 1961 aut
985 1913 1142 1961 ullum
1179 1921 1379 1963 coetum
1414 1912 1677 1963 hominum
1713 1913 1939 1962 commit-

256 2000 372 2053 tere,
400 1991 482 2042 cui
503 2009 656 2042 nemo
684 1991 893 2054 illorum,
921 1992 1007 2057 qui
1043 1993 1221 2055 adsint,
1250 2011 1412 2055 sanus,
1440 2011 1592 2044 nemo
1623 1993 1757 2055 civis,
1784 2011 1936 2044 nemo

255 2073 381 2123 liber
420 2090 529 2123 esse
568 2073 805 2123 videatur.
879 2075 1092 2124 Accedit
1133 2076 1272 2138 quod
1310 2075 1546 2125 orationis
1587 2075 1737 2125 etiam
1778 2092 1934 2140 genus
1955 2081 2010 2125 66

256 2154 444 2204 habent
475 2155 682 2204 fortasse
712 2154 894 2204 subtile
930 2164 979 2204 et
1011 2164 1143 2205 certe
1178 2165 1395 2216 acutum,
1423 2158 1525 2217 sed,
1555 2166 1609 2205 ut
1642 2155 1693 2205 in
1726 2165 1932 2217 oratore,

182 2250 232 2292 25
255 2234 394 2295 exile,
434 2234 738 2296 inusitatum,
781 2236 1053 2286 abhorrens
1099 2238 1165 2287 ab
1212 2237 1413 2287 auribus
1459 2237 1605 2301 vulgi,
1650 2238 1934 2299 obscurum,

254 2313 416 2377 inane,
443 2314 679 2375 ieiunum,
706 2333 766 2365 ac
789 2326 958 2367 tamen
981 2317 1088 2367 eius
1112 2317 1264 2377 modi,
1294 2335 1395 2382 quo
1419 2318 1491 2367 uti
1509 2320 1574 2368 ad
1599 2320 1773 2383 vulgus
1797 2321 1937 2368 nullo

254 2398 411 2447 modo
434 2396 619 2461 possit:
655 2396 752 2446 alia
775 2397 909 2446 enim
942 2407 991 2447 et
1023 2399 1158 2448 bona
1189 2407 1239 2448 et
1274 2401 1404 2447 mala
1429 2399 1658 2449 videntur
1683 2399 1860 2449 Stoicis
1885 2408 1936 2450 et

253 2477 428 2527 ceteris
464 2477 655 2527 civibus
690 2480 768 2528 vel
804 2478 968 2543 potius
1003 2479 1234 2543 gentibus
1252 2498 1265 2541 3
1305 2480 1401 2528 alia
1436 2480 1508 2529 vis
1544 2480 1759 2540 honoris,
1800 2480 1935 2545 igno-

254 2557 462 2618 miniae,
501 2558 706 2623 praemi,
753 2559 998 2624 supplici3
1055 2578 1168 2610 vere
1221 2579 1285 2610 an
1341 2578 1484 2611 secus
1543 2561 1665 2610 nihil
1718 2563 1782 2612 ad
1833 2564 1931 2613 hoc

178 2657 232 2698 30
253 2648 450 2704 tempus
470 2658 485 2702 3
519 2642 607 2690 sed
633 2658 692 2690 ea
723 2639 764 2690 si
792 2658 1069 2705 sequamur,
1097 2644 1285 2691 nullam
1321 2660 1559 2707 umquam
1584 2661 1687 2693 rem
1712 2643 1931 2695 dicendo

309 2784 334 2820 4
363 2770 442 2810 hac
469 2769 736 2811 Lambinus:
778 2785 826 2811 ac
847 2771 957 2813 codd.
1072 2785 1119 2812 re
1141 2772 1399 2814 Lambinus:
1444 2787 1469 2812 a
1490 2786 1536 2812 re
1558 2773 1668 2813 codd.
1835 2788 1863 2825 9
1891 2775 1928 2815 si

253 2825 310 2866 sit
329 2824 447 2864 Bake
578 2828 628 2865 16
657 2826 855 2865 nimirum
877 2831 943 2866 est
964 2825 1007 2865 in
1029 2826 1097 2866 his
1118 2826 1265 2877 Sorof:
1297 2833 1525 2878 utrumque
1546 2833 1611 2867 est
1631 2829 1673 2867 in
1695 2828 1763 2868 his
1783 2829 1895 2869 codd.
1920 2842 1931 2869 ε

255 2884 474 2930 utcunque
513 2886 589 2931 est,
626 2886 692 2920 est
730 2881 774 2920 in
814 2881 880 2921 his
919 2881 1111 2921 Ellendt:
1160 2882 1306 2921 vitium
1342 2895 1512 2933 quoque
1546 2888 1612 2922 est
1644 2883 1686 2921 in
1727 2883 1793 2922 his
1826 2883 1935 2923 Reid

258 2947 308 2984 19
335 2934 524 2974 latrones
543 2935 629 2975 secl.
654 2934 801 2976 Pearce
911 2937 966 2976 26
994 2949 1043 2976 ac
1064 2941 1208 2976 tamen
1229 2937 1344 2979 codd.
1364 2951 1374 2978 ε
1404 2951 1453 2977 ac
1475 2938 1645 2977 tandem
1667 2938 1931 2978 Lambinus:

253 3001 304 3029 ac
324 2994 459 3030 totum
479 2989 646 3030 Ernesti
