2150 3444
763 141 859 190 DE
895 140 1238 192 ORATORE
1310 142 1393 190 III

246 295 391 349 ¹§osse
413 279 649 341 videatur,
678 279 773 330 nisi
808 288 862 330 ut
898 281 1103 344 figuram
1140 278 1375 329 orationis
1411 278 1644 344 plenioris
1677 289 1726 330 et
1759 280 1911 330 tenui-

243 362 342 413 oris
365 370 415 413 et
440 361 560 413 item
585 361 714 412 illius
738 361 1002 412 mediocris
1026 363 1092 412 ad
1124 361 1190 421 id,
1218 361 1357 425 quod
1389 377 1608 424 agemuS,
1634 377 1912 411 accommo-

240 444 410 495 datam
433 443 720 508 deligamus.
794 442 1112 494 Ornamentis
1145 441 1335 493 eisdem
1369 440 1440 491 uti
1466 443 1566 491 fere
1599 441 1767 492 licebit
1791 442 1909 491 alias

240 525 536 586 contentiuS‚
577 525 696 575 alias
735 524 1077 585 summissius3
1129 522 1367 587 omnique
1406 522 1458 571 in
1500 539 1550 572 re
1589 538 1736 586 posse
1774 525 1911 586 quod

194 620 219 663 5
239 607 418 657 deceat
462 608 622 656 facere
661 605 777 656 artis
819 614 868 655 et
909 613 1113 655 naturae
1151 613 1238 665 est,
1280 602 1404 654 scire
1446 602 1567 667 quid
1609 604 1911 667 quandoque

240 684 419 738 deceat
454 686 759 751 prudentiae.

308 769 409 818 Sed
433 769 558 818 haec
581 766 751 817 omnia
773 764 979 830 perinde
1005 774 1132 826 sunt,
1156 774 1210 815 ut
1233 774 1456 829 aguntur.
1508 764 1669 825 Aetio,
1689 764 1910 828 inquam,

1933 152 1997 202 55
2019 160 2093 190 212

1933 743 2001 802 56

1862 846 1870 855 .
1937 828 2014 867 213

239 849 293 898 in
315 848 533 900 dicendo
557 865 658 898 una
680 847 965 898 dominatur
982 866 995 909 3
1032 847 1138 897 sine
1163 849 1258 896 hac
1291 863 1514 897 summus
1538 855 1702 897 orator
1726 863 1834 896 esse
1858 864 1909 895 m

240 945 449 980 numero
494 930 634 979 nullo
681 938 861 994 potest,
909 927 1171 978 mediocris
1220 929 1314 978 hac
1366 928 1631 978 instructus
1687 944 1908 977 summos

166 1023 220 1056 ιο
240 1026 389 1076 saepe
411 1026 654 1075 superare.
730 1009 867 1059 Huic
890 1009 1072 1074 primas
1097 1008 1296 1059 dedisse
1323 1010 1689 1059 Demosthenes
1714 1007 1905 1068 dicitur,

239 1108 357 1142 cum
397 1100 663 1158 rogaretur,
700 1091 823 1155 quid
863 1091 915 1141 in
953 1091 1171 1141 dicendo
1213 1099 1342 1141 esset
1383 1090 1628 1156 primum,
1681 1089 1797 1139 huic
1839 1107 1908 1139 se-

239 1173 447 1234 cundaS,
494 1172 611 1222 huic
666 1171 863 1233 tertias,-
921 1188 1023 1236 quo
1078 1171 1200 1221 mihi
1249 1171 1425 1222 melius
1474 1171 1622 1222 etiam
1675 1171 1797 1221 illud
1843 1172 1907 1220 ab

238 1252 491 1303 Aeschine
513 1252 703 1303 dictum
729 1252 883 1303 videri
900 1255 1064 1314 ·solet;
1099 1252 1185 1316 qui
1218 1269 1332 1303 cum
1363 1262 1562 1318 propter
1586 1252 1908 1317 ignominiam

238 1331 410 1392 iudicii
444 1332 670 1384 cessisset
694 1333 906 1384 Athenis
938 1342 988 1385 et
1019 1350 1072 1383 se
1106 1335 1348 1384 Rhodum
1381 1334 1687 1396 contulisset,
1712 1343 1908 1398 rogatus

166 1428 216 1470 15
237 1429 270 1464 a
294 1413 507 1465 Rhodiis
538 1413 714 1478 legisse
738 1415 889 1464 fertur
913 1413 1188 1465 orationem
1221 1414 1355 1465 illam
1387 1414 1643 1480 egregiam,
1673 1431 1824 1480 quam
1856 1415 1908 1464 in

178 1527 183 1532 -
239 1494 620 1560 Ctesiphontem
658 1504 830 1547 contra
864 1496 1259 1546 Demosthenem
1295 1494 1515 1557 dixerat3
1561 1511 1658 1559 qua
1693 1497 1909 1560 perlecta

237 1574 448 1640 petitum
487 1577 553 1626 ab
590 1593 652 1627 eo
689 1584 765 1627 est
806 1576 1057 1640 postridie,
1098 1584 1153 1626 ut
1190 1578 1371 1640 legeret
1409 1576 1543 1626 illam
1579 1575 1744 1638 etiam,
1780 1593 1908 1640 quae

237 1665 341 1707 erat
365 1666 547 1708 contra
580 1658 646 1708 ab
686 1658 1028 1709 Demosthene
1064 1673 1154 1722 pro
1190 1656 1519 1722 Ctesiphonte
1556 1656 1716 1706 dicta:
1755 1673 1906 1721 quam

237 1753 355 1789 cum
401 1738 690 1790 suavissima
740 1748 789 1791 et
848 1739 1064 1789 maxima
1108 1755 1232 1790 voce
1289 1738 1497 1802 legisset,
1547 1736 1907 1790 admirantibus

157 1833 218 1867 ,πο
237 1817 472 1870 omnibus
509 1821 753 1884 ‘quanto’
792 1819 952 1884 inquit
991 1824 1003 1846 ‘
1021 1819 1176 1884 magis
1214 1818 1526 1878 miraremini,
1566 1817 1606 1867 si
1647 1817 1908 1872 audissetis

235 1897 458 1963 ipsuml'
492 1915 553 1949 ex
576 1915 677 1964 quo
701 1899 817 1950 satis
843 1899 1150 1964 significavit,
1175 1908 1417 1964 quantum
1451 1907 1580 1949 esset
1612 1897 1663 1947 in
1695 1897 1903 1958 actione,

235 1977 324 2043 qui
363 1977 639 2030 orationem
680 1982 893 2031 eandem
933 1980 1081 2030 aliam
1119 1982 1224 2030 fore
1264 1980 1446 2045 putarit
1485 1988 1652 2030 actore
1699 1987 1903 2028 mutato.

237 2059 376 2122 Quid
404 2060 583 2113 fuitin
619 2062 860 2123 Graccho,
894 2078 1045 2126 quem
1082 2070 1136 2112 tu
1172 2060 1366 2122 meliuS‚
1400 2061 1590 2121 Catule,
1623 2059 1908 2122 meministi,

237 2142 376 2205 quod
412 2158 494 2192 me
534 2158 688 2206 puero
730 2151 870 2193 tanto
921 2159 1070 2207 opere
1119 2144 1357 2193 ferretur?
1443 2143 1592 2204 ‘Quo
1633 2156 1714 2190 me
1761 2139 1909 2190 miser

166 2237 215 2280 23
236 2223 526 2272 conferam?
597 2224 714 2285 Quo
755 2226 978 2274 vertam?
1049 2226 1111 2273 In
1160 2221 1567 2287 Capitoliumne?
1634 2224 1703 2271 At
1748 2220 1905 2270 fratris

235 2302 475 2366 sanguine
522 2304 703 2353 madet.
778 2306 861 2352 An
908 2305 1154 2358 domum?
1225 2305 1507 2353 Matremne
1563 2311 1619 2352 ut
1676 2300 1906 2352 miseram

233 2384 590 2434 lamentantem
614 2384 810 2435 videam
841 2393 890 2434 et
921 2385 1166 2435 abiectam
1183 2386 1204 2434 Ρ
1220 2386 1231 2407 ’
1302 2385 1447 2446 Quae
1483 2383 1554 2433 sic
1588 2382 1764 2434 abillo
1798 2399 1906 2433 esse

233 2474 344 2515 acta
367 2466 629 2517 constabat
653 2466 823 2527 oculiS,
851 2483 988 2528 voce,
1014 2476 1169 2532 gestu,
1197 2466 1385 2517 inimici
1410 2475 1464 2516 ut
1489 2464 1715 2516 lacrimas
1737 2473 1906 2515 tenere

234 2562 337 2597 non
377 2555 593 2612 possent.
670 2549 814 2601 Haec
855 2546 970 2598 ideo
1008 2548 1123 2599 dico
1159 2547 1398 2613 pluribuS,
1434 2547 1573 2612 quod
1609 2561 1765 2610 genus
1806 2547 1904 2595 hoc

289 2673 344 2714 M
359 2695 396 2710 =
417 2674 554 2716 ΑΕΗ
701 2687 719 2715 1
752 2689 808 2717 ne
828 2682 875 2716 ut
896 2675 950 2716 M
1056 2677 1236 2718 oratoris
1257 2675 1415 2716 AE²H
1520 2675 1728 2728 plenioris
1747 2688 1831 2716 om.
1854 2673 1910 2714 M

234 2741 260 2768 2
289 2728 401 2771 idem
422 2730 475 2769 M
583 2742 606 2780 7
637 2731 744 2771 haec
762 2731 857 2782 ipsa
893 2730 931 2771 L
951 2731 1062 2784 vulg.
1175 2738 1301 2771 erunt
1321 2730 1358 2769 L
1487 2737 1671 2782 agantur
1690 2728 1744 2768 M
1852 2742 1901 2779 14

235 2783 438 2825 cessisset
457 2784 535 2824 vul
558 2814 568 2824 .
595 2799 605 2824 ε
645 2791 762 2826 esset
780 2784 833 2824 M
847 2800 857 2825 t
896 2785 1058 2827 abisset
1075 2784 1146 2826 H²
1171 2799 1306 2837 marg.
1478 2787 1529 2824 16
1558 2786 1828 2836 ctesiphonte
1855 2783 1908 2823 M

234 2850 287 2877 22
315 2843 487 2889 putaret
565 2839 678 2893 vulg.
810 2852 863 2891 24
893 2839 1115 2881 efferretur
1137 2840 1288 2880 maluit
1304 2837 1542 2879 Lambinus
1681 2842 1735 2878 26
1764 2838 1905 2878 madet

233 2889 289 2931 M
301 2907 323 2936 τ,
339 2893 551 2933 redundat
570 2892 607 2932 L
629 2894 739 2947 vulg.
851 2907 906 2935 an
925 2906 1009 2935 om.
1031 2893 1085 2934 M
1208 2906 1259 2945 27
1290 2893 1680 2945 lamentantemque
1701 2893 1738 2932 L
1851 2905 1906 2944 29

234 2946 334 2987 ideo
351 2945 441 2987 ΑΕ
456 2961 466 2987 :
494 2959 546 2987 eo
565 2946 652 2988 HL

290 3027 371 3056 cxc.
393 3026 449 3056 m:
469 3026 597 3056 omn.
1742 3014 1795 3052 16

1934 2078 2011 2122 214
