2150 3444
797 136 894 186 DE
929 135 1269 192 ORATORE
1345 138 1369 185 I

245 276 450 344 perandi
493 274 822 344 [refellendi];
867 275 1323 341 disputandumque
1360 275 1425 326 de
1456 275 1595 326 omni
1626 293 1678 326 re
1710 276 1759 326 in
1794 294 1909 327 con-

245 356 412 411 trarias
434 358 584 424 partis
609 367 672 420 et,
698 357 938 424 quicquid
966 356 1056 408 erit
1087 357 1138 407 in
1167 374 1364 422 quaque
1393 374 1458 418 re,
1485 358 1623 422 quod
1651 358 1907 421 probabile

243 438 398 492 videri
431 440 602 506 possit,
629 439 929 491 eliciendum
963 438 1133 507 [atque
1164 436 1490 505 dicendum];
1522 438 1905 503 perdiscendum

243 518 320 573 ius
342 521 500 583 civile,
526 523 906 586 cognoscendae
929 522 1075 585 leges,
1096 519 1415 586 percipienda
1437 519 1600 570 omnis
1623 519 1904 585 antiquitas,

197 615 222 661 5
243 602 488 655 senatoria
509 604 836 664 consuetud0,
863 602 1125 666 disciplina
1147 601 1217 652 rei
1240 601 1482 667 publicae,
1509 601 1614 651 iura
1641 602 1903 663 sociorum,

241 685 455 747 foedera,
481 685 753 750 pactiones,
780 702 929 735 causa
956 684 1131 749 imperi
1163 685 1512 748 cognoscenda
1535 693 1640 745 est,
1674 683 1904 734 libandus

242 773 319 816 est
362 765 511 816 etiam
548 783 610 817 ex
648 764 787 816 omni
827 782 1006 830 genere
1047 764 1336 815 urbanitatis
1373 763 1658 813 facetiarum
1700 764 1904 828 quidam

241 846 394 911 lepOS,
420 863 524 912 quo
546 856 802 912 tamquam
826 848 927 897 sale
951 855 1290 910 perspergatur
1313 844 1475 895 omnis
1500 844 1668 895 orati0.
1737 844 1906 895 Effudi

238 926 383 978 vobis
418 927 590 978 omnia
624 945 754 994 quae
791 926 1080 988 sentiebam,
1118 944 1246 991 quae
1281 929 1499 987 fortasse,
1537 943 1906 991 quemcumque

169 1022 221 1055 10
239 1008 638 1075 patremfamilias
667 1008 1004 1073 adripuissetis
1041 1025 1102 1058 ex
1135 1008 1303 1072 aliquo
1332 1007 1530 1068 circulo,
1558 1009 1734 1058 eadem
1763 1007 1905 1058 vobis

237 1090 644 1156 percontantibus
679 1089 1044 1154 respondisset.'

306 1172 452 1221 Haec
492 1188 607 1221 cum
646 1173 852 1223 Crassus
891 1170 1105 1231 dixisset,
1148 1170 1396 1220 silentium
1438 1179 1511 1220 est
1549 1179 1872 1221 consecutum
1890 1188 1906 1232 3

237 1250 328 1302 sed
358 1269 662 1317 quamquam
694 1251 810 1302 satis
841 1250 924 1312 eiS,
953 1250 1039 1316 qui
1067 1252 1284 1311 aderant,
1311 1252 1376 1301 ad
1405 1250 1470 1311 id,
1498 1252 1635 1315 quod
1668 1260 1769 1301 erat
1797 1268 1905 1316 pro-

235 1331 468 1397 positum,
502 1333 693 1384 dictum
729 1333 1001 1394 videbatur,
1039 1342 1206 1382 tamen
1242 1332 1520 1382 sentiebant
1555 1332 1761 1382 celerius
1796 1349 1905 1383 esse

165 1431 212 1474 15
236 1416 396 1466 multo
427 1432 579 1481 quam
611 1415 705 1480 ipsi
738 1418 920 1466 vellent
952 1416 1018 1465 ab
1050 1432 1111 1465 eo
1143 1423 1435 1479 peroratum.
1510 1417 1642 1464 Tum
1668 1416 1905 1465 Scaevola

239 1495 390 1561 ‘quid
426 1507 514 1559 est,
542 1498 754 1549 Cotta?’
790 1497 951 1562 inquit
990 1496 1140 1561 ‘quid
1168 1496 1339 1547 tacetis
1354 1498 1384 1560 Ρ,
1446 1495 1649 1546 Nihilne
1678 1496 1819 1546 vobis
1852 1496 1903 1546 in

236 1586 456 1628 mentem
485 1578 633 1640 venit,
661 1580 799 1644 quod
829 1588 1080 1644 praeterea
1108 1579 1173 1628 ab
1206 1580 1386 1630 Crasso
1415 1577 1669 1642 requiratis
1688 1580 1736 1628 ?’
1810 1579 1905 1629 ‘Id

233 1675 316 1709 me
339 1659 743 1726 hercule'inquit
771 1659 962 1725 ‘ipsum
987 1661 1222 1710 attendo:
1259 1669 1424 1710 tantus
1450 1659 1583 1710 enim
1608 1677 1778 1710 cursus
1805 1677 1904 1710 ver-

232 1738 410 1791 borum
433 1741 525 1792 fuit
548 1750 598 1792 et
622 1741 693 1792 sic
717 1739 928 1793 evolavit
958 1741 1128 1803 oratio,
1156 1750 1210 1791 ut
1235 1741 1339 1791 eius
1365 1741 1464 1790 vim
1490 1750 1538 1791 et
1562 1740 1902 1792 incitationem

158 1838 210 1870 πο
229 1821 518 1887 aspexerim,
549 1822 754 1887 vestigia
788 1822 1163 1887 ingressumque
1199 1822 1278 1872 vix
1314 1821 1535 1883 viderim,
1567 1831 1616 1872 et
1648 1831 1902 1888 tamquam

229 1899 282 1952 in
318 1902 535 1968 aliquam
574 1905 876 1968 locupletem
917 1921 978 1953 ac
1019 1905 1245 1953 refertam
1285 1904 1493 1954 domum
1531 1903 1763 1964 venerim,
1799 1921 1901 1954 non

229 1982 470 2048 explicata
509 1993 645 2035 veste
684 2002 847 2050 neque
886 1984 1144 2049 proposito
1186 1994 1390 2049 argento
1432 2002 1595 2049 neque
1636 1984 1816 2035 tabulis
1853 1995 1902 2035 et

229 2063 380 2129 signis
403 2067 659 2131 propalam
684 2066 970 2127 conlocatiS‚
1000 2068 1089 2134 sed
1118 2066 1195 2116 his
1225 2065 1457 2117 omnibus
1488 2065 1654 2116 multis
1683 2066 1901 2130 magnifi-

227 2145 398 2212 cisque
420 2148 568 2198 rebus
592 2147 886 2199 constructis
911 2165 970 2198 ac
996 2147 1262 2198 reconditis
1280 2166 1294 2209 3
1329 2147 1399 2197 sic
1423 2149 1577 2198 modo
1601 2146 1652 2196 in
1677 2147 1900 2198 oratione

154 2245 204 2288 ²⁵
228 2226 393 2278 Crassi
430 2226 624 2278 divitias
661 2238 812 2293 atque
851 2238 1142 2287 ornamenta
1181 2228 1286 2278 eius
1326 2227 1491 2292 ingeni
1527 2245 1614 2292 per
1652 2229 1898 2292 quaedam

225 2304 480 2360 involucra
515 2318 666 2375 atque
704 2310 1043 2375 integumenta
1077 2310 1314 2375 perspexi,
1349 2311 1438 2360 sed
1475 2326 1534 2359 ea
1574 2309 1898 2373 contemplari

227 2406 342 2439 cum
379 2407 626 2455 cuperem,
660 2391 740 2442 vix
774 2392 1048 2457 aspiciendi
1073 2402 1291 2456 potestas
1330 2391 1421 2442 fuit
1438 2410 1452 2453 3
1480 2390 1646 2455 itaque
1671 2408 1764 2441 nec
1799 2392 1898 2442 hoc

224 2485 430 2535 possum
462 2471 640 2534 dicere,
667 2490 748 2523 me
780 2473 988 2524 omnino
1021 2473 1257 2538 ignorare,
1288 2473 1411 2538 quid
1440 2472 1705 2536 possideat,
1732 2488 1896 2537 neque

224 2554 372 2617 plane
411 2570 560 2605 nosse
599 2563 749 2620 atque
787 2554 998 2605 vidisse.'
1085 2555 1250 2618 ‘Quin
1292 2564 1346 2605 tu
1390 2555 1533 2620 igitur
1570 2554 1689 2604 facis
1731 2553 1896 2615 idem,’

151 2649 204 2691 30
224 2631 385 2699 inquit
408 2635 646 2685 Scaevola
667 2640 678 2662 ‘
695 2637 833 2700 quod
857 2637 1056 2697 facereS,
1078 2635 1119 2686 si
1143 2635 1194 2686 in
1218 2635 1435 2700 aliquam
1462 2638 1669 2686 domum
1694 2637 1894 2699 plenam

224 2725 628 2768 ornamentorum
657 2716 884 2768 villamve
917 2717 1171 2768 venisses?
1241 2716 1293 2768 Si
1323 2734 1382 2767 ea
1412 2718 1640 2783 seposita,
1669 2726 1723 2768 ut
1752 2716 1890 2779 dicis,

274 2845 331 2887 M
347 2865 384 2881 =
402 2846 455 2889 H
580 2858 598 2887 1
632 2846 858 2888 refellendi
885 2860 967 2888 om.
993 2846 1087 2886 Hm
1252 2860 1278 2898 3
1308 2847 1561 2888 eliciendum
1585 2847 1696 2887 Lm:
1727 2848 1891 2899 eligen-

221 2901 320 2942 dum
354 2900 411 2940 M
483 2907 612 2954 atque
632 2903 856 2943 dicendum
876 2915 959 2942 om.
978 2903 1015 2942 L
1130 2903 1180 2942 16
1209 2903 1311 2953 quid
1332 2915 1420 2943 recc.
1441 2916 1450 2943 ε
1480 2903 1594 2955 quod
1615 2902 1702 2942 HL
1724 2903 1892 2943 Nonius

220 2969 275 3008 29
302 2956 461 2996 vidisse
499 2970 621 2998 rem:
652 2957 694 2997 id
722 2958 879 2997 vidisse
911 2956 1138 2998 Friedrich:
1168 2956 1373 2998 invidisse
1392 2957 1448 2997 M
1608 2970 1657 3008 31
1693 2958 1889 2998 villamve

219 3011 330 3064 ¹vulg.
357 3025 367 3052 ι
396 3011 539 3053 villam
557 3011 617 3066 H,
637 3012 724 3053 secl.
744 3012 942 3053 Fn'edn'ch

1931 148 1998 198 34
2020 144 2096 197 158

1934 464 2011 508 159

1946 1150 2010 1199 35

1933 1214 2010 1256 160

1933 1583 2001 1624 161

1923 2565 1997 2608 162
