<?xml version="1.0" encoding="UTF-8"?>
<!DOCTYPE html PUBLIC "-//W3C//DTD XHTML 1.0 Transitional//EN"
    "http://www.w3.org/TR/xhtml1/DTD/xhtml1-transitional.dtd">
<html xmlns="http://www.w3.org/1999/xhtml" xml:lang="en" lang="en">
 <head>
  <title>
</title>
<meta http-equiv="Content-Type" content="text/html;charset=utf-8" />
  <meta name='ocr-system' content='tesseract 3.04.00' />
  <meta name='ocr-capabilities' content='ocr_page ocr_carea ocr_par ocr_line ocrx_word'/>
</head>
<body>
  <div class='ocr_page' id='page_1' title='image "./rhetoricarecogno01ciceuoft_0193.png"; bbox 0 0 2150 3444; ppageno 0'>
   <div class='ocr_carea' id='block_1_1' title="bbox 629 653 1623 905">
    <p class='ocr_par' dir='ltr' id='par_1_1' title="bbox 629 653 1623 905">
     <span class='ocr_line' id='line_1_1' title="bbox 629 653 1623 740; baseline -0.003 0"><span class='ocrx_word' id='word_1_1' title='bbox 629 679 715 740; x_wconf 90' lang='lat' dir='ltr'>M.</span> <span class='ocrx_word' id='word_1_2' title='bbox 782 678 1054 738; x_wconf 84' lang='lat' dir='ltr'>TVLLI</span> <span class='ocrx_word' id='word_1_3' title='bbox 1120 653 1623 738; x_wconf 72' lang='lat' dir='ltr'>CICERONIS</span> 
     </span>
     <span class='ocr_line' id='line_1_2' title="bbox 781 843 1475 905; baseline -0.001 -1"><span class='ocrx_word' id='word_1_4' title='bbox 781 844 914 904; x_wconf 88' lang='lat' dir='ltr'>DE</span> <span class='ocrx_word' id='word_1_5' title='bbox 978 843 1475 905; x_wconf 87' lang='lat' dir='ltr'><strong>ORATORE</strong></span> 
     </span>
    </p>
   </div>
   <div class='ocr_carea' id='block_1_2' title="bbox 567 1008 1681 1060">
    <p class='ocr_par' dir='ltr' id='par_1_2' title="bbox 567 1008 1681 1060">
     <span class='ocr_line' id='line_1_3' title="bbox 567 1008 1681 1060; baseline 0.001 -10"><span class='ocrx_word' id='word_1_6' title='bbox 567 1009 652 1051; x_wconf 90' lang='lat' dir='ltr'>AD</span> <span class='ocrx_word' id='word_1_7' title='bbox 690 1009 957 1060; x_wconf 83' lang='lat' dir='ltr'>QVINTVM</span> <span class='ocrx_word' id='word_1_8' title='bbox 1000 1008 1283 1049; x_wconf 89' lang='lat' dir='ltr'><strong>FRATREM</strong></span> <span class='ocrx_word' id='word_1_9' title='bbox 1326 1009 1488 1050; x_wconf 90' lang='lat' dir='ltr'>LIBRI</span> <span class='ocrx_word' id='word_1_10' title='bbox 1527 1008 1681 1051; x_wconf 85' lang='lat' dir='ltr'>TRES</span> 
     </span>
    </p>
   </div>
   <div class='ocr_carea' id='block_1_3' title="bbox 881 1192 1434 1242">
    <p class='ocr_par' dir='ltr' id='par_1_3' title="bbox 881 1192 1434 1242">
     <span class='ocr_line' id='line_1_4' title="bbox 881 1192 1434 1242; baseline 0 0"><span class='ocrx_word' id='word_1_11' title='bbox 881 1193 1097 1242; x_wconf 92' lang='lat' dir='ltr'>LIBER</span> <span class='ocrx_word' id='word_1_12' title='bbox 1130 1192 1434 1242; x_wconf 91' lang='lat' dir='ltr'>TERTIVS</span> 
     </span>
    </p>
   </div>
   <div class='ocr_carea' id='block_1_4' title="bbox 1979 1307 2002 1347">
    <p class='ocr_par' dir='ltr' id='par_1_4' title="bbox 1979 1307 2002 1347">
     <span class='ocr_line' id='line_1_5' title="bbox 1979 1307 2002 1347; baseline 0 -4"><span class='ocrx_word' id='word_1_13' title='bbox 1979 1307 2002 1347; x_wconf 88' lang='lat'>1</span> 
     </span>
    </p>
   </div>
   <div class='ocr_carea' id='block_1_5' title="bbox 360 1320 2002 1410">
    <p class='ocr_par' dir='ltr' id='par_1_5' title="bbox 360 1320 2002 1410">
     <span class='ocr_line' id='line_1_6' title="bbox 360 1320 2002 1410; baseline -0.001 -36"><span class='ocrx_word' id='word_1_14' title='bbox 360 1326 701 1375; x_wconf 78' lang='lat' dir='ltr'><strong>INSTITVENTI</strong></span> <span class='ocrx_word' id='word_1_15' title='bbox 738 1320 874 1383; x_wconf 90' lang='lat' dir='ltr'>mihi,</span> <span class='ocrx_word' id='word_1_16' title='bbox 902 1321 1090 1385; x_wconf 87' lang='lat' dir='ltr'>Quinte</span> <span class='ocrx_word' id='word_1_17' title='bbox 1121 1323 1280 1382; x_wconf 90' lang='lat' dir='ltr'>frater,</span> <span class='ocrx_word' id='word_1_18' title='bbox 1311 1339 1427 1373; x_wconf 90' lang='lat' dir='ltr'>eum</span> <span class='ocrx_word' id='word_1_19' title='bbox 1463 1332 1744 1373; x_wconf 87' lang='lat' dir='ltr'>sermonem</span> <span class='ocrx_word' id='word_1_20' title='bbox 1780 1325 1956 1374; x_wconf 90' lang='lat' dir='ltr'>referre</span> <span class='ocrx_word' id='word_1_21' title='bbox 1983 1382 2002 1410; x_wconf 56' lang='grc' dir='ltr'>Ι</span> 
     </span>
    </p>
   </div>
   <div class='ocr_carea' id='block_1_6' title="bbox 210 1403 1997 2851">
    <p class='ocr_par' dir='ltr' id='par_1_6' title="bbox 210 1403 1997 2851">
     <span class='ocr_line' id='line_1_7' title="bbox 290 1403 1958 1470; baseline 0 -15"><span class='ocrx_word' id='word_1_22' title='bbox 290 1413 341 1456; x_wconf 91' lang='lat' dir='ltr'>et</span> <span class='ocrx_word' id='word_1_23' title='bbox 381 1406 617 1456; x_wconf 88' lang='lat' dir='ltr'>mandare</span> <span class='ocrx_word' id='word_1_24' title='bbox 657 1403 775 1455; x_wconf 92' lang='lat' dir='ltr'>huic</span> <span class='ocrx_word' id='word_1_25' title='bbox 812 1404 955 1454; x_wconf 90' lang='lat' dir='ltr'>tertio</span> <span class='ocrx_word' id='word_1_26' title='bbox 996 1404 1136 1464; x_wconf 92' lang='lat' dir='ltr'>libro,</span> <span class='ocrx_word' id='word_1_27' title='bbox 1177 1421 1328 1468; x_wconf 93' lang='lat' dir='ltr'>quem</span> <span class='ocrx_word' id='word_1_28' title='bbox 1367 1413 1480 1468; x_wconf 92' lang='lat' dir='ltr'>post</span> <span class='ocrx_word' id='word_1_29' title='bbox 1515 1404 1705 1454; x_wconf 89' lang='lat' dir='ltr'>Antoni</span> <span class='ocrx_word' id='word_1_30' title='bbox 1740 1404 1958 1470; x_wconf 90' lang='lat' dir='ltr'>disputa-</span> 
     </span>
     <span class='ocr_line' id='line_1_8' title="bbox 290 1485 1956 1546; baseline -0.001 -9"><span class='ocrx_word' id='word_1_31' title='bbox 290 1486 480 1538; x_wconf 88' lang='lat' dir='ltr'>tionem</span> <span class='ocrx_word' id='word_1_32' title='bbox 515 1488 722 1538; x_wconf 87' lang='lat' dir='ltr'>Crassus</span> <span class='ocrx_word' id='word_1_33' title='bbox 756 1485 1023 1546; x_wconf 86' lang='lat' dir='ltr'>habuisset,</span> <span class='ocrx_word' id='word_1_34' title='bbox 1057 1486 1236 1535; x_wconf 77' lang='lat' dir='ltr'>acerba</span> <span class='ocrx_word' id='word_1_35' title='bbox 1273 1503 1393 1535; x_wconf 89' lang='lat' dir='ltr'>sane</span> <span class='ocrx_word' id='word_1_36' title='bbox 1430 1485 1705 1536; x_wconf 83' lang='lat' dir='ltr'>recordatio</span> <span class='ocrx_word' id='word_1_37' title='bbox 1741 1495 1956 1536; x_wconf 91' lang='lat' dir='ltr'>veterem</span> 
     </span>
     <span class='ocr_line' id='line_1_9' title="bbox 288 1565 1958 1631; baseline -0.001 -13"><span class='ocrx_word' id='word_1_38' title='bbox 288 1567 444 1618; x_wconf 89' lang='lat' dir='ltr'>animi</span> <span class='ocrx_word' id='word_1_39' title='bbox 477 1584 646 1618; x_wconf 88' lang='lat' dir='ltr'>curam</span> <span class='ocrx_word' id='word_1_40' title='bbox 682 1566 1062 1631; x_wconf 86' lang='lat' dir='ltr'>molestiamque</span> <span class='ocrx_word' id='word_1_41' title='bbox 1096 1565 1361 1616; x_wconf 88' lang='lat' dir='ltr'>renovavit.</span> <span class='ocrx_word' id='word_1_42' title='bbox 1436 1568 1567 1617; x_wconf 91' lang='lat' dir='ltr'>Nam</span> <span class='ocrx_word' id='word_1_43' title='bbox 1603 1566 1726 1617; x_wconf 91' lang='lat' dir='ltr'>illud</span> <span class='ocrx_word' id='word_1_44' title='bbox 1762 1566 1958 1617; x_wconf 91' lang='lat' dir='ltr'>immor-</span> 
     </span>
     <span class='ocr_line' id='line_1_10' title="bbox 241 1647 1955 1713; baseline -0.001 -13"><span class='ocrx_word' id='word_1_45' title='bbox 241 1665 268 1710; x_wconf 80' lang='lat'>5</span> <span class='ocrx_word' id='word_1_46' title='bbox 290 1649 477 1700; x_wconf 87' lang='lat' dir='ltr'>talitate</span> <span class='ocrx_word' id='word_1_47' title='bbox 499 1649 706 1713; x_wconf 88' lang='lat' dir='ltr'>dignum</span> <span class='ocrx_word' id='word_1_48' title='bbox 725 1647 990 1713; x_wconf 87' lang='lat' dir='ltr'>ingenium,</span> <span class='ocrx_word' id='word_1_49' title='bbox 1012 1647 1095 1697; x_wconf 91' lang='lat' dir='ltr'>illa</span> <span class='ocrx_word' id='word_1_50' title='bbox 1118 1647 1411 1709; x_wconf 90' lang='lat' dir='ltr'>humanitas,</span> <span class='ocrx_word' id='word_1_51' title='bbox 1434 1647 1517 1697; x_wconf 89' lang='lat' dir='ltr'>illa</span> <span class='ocrx_word' id='word_1_52' title='bbox 1535 1647 1685 1698; x_wconf 90' lang='lat' dir='ltr'>virtus</span> <span class='ocrx_word' id='word_1_53' title='bbox 1712 1650 1766 1698; x_wconf 94' lang='lat' dir='ltr'>L.</span> <span class='ocrx_word' id='word_1_54' title='bbox 1791 1648 1955 1700; x_wconf 85' lang='lat' dir='ltr'>Crassi</span> 
     </span>
     <span class='ocr_line' id='line_1_11' title="bbox 289 1728 1948 1793; baseline -0.001 -13"><span class='ocrx_word' id='word_1_55' title='bbox 289 1740 450 1782; x_wconf 91' lang='lat' dir='ltr'>morte</span> <span class='ocrx_word' id='word_1_56' title='bbox 471 1730 712 1781; x_wconf 90' lang='lat' dir='ltr'>exstincta</span> <span class='ocrx_word' id='word_1_57' title='bbox 734 1729 898 1779; x_wconf 90' lang='lat' dir='ltr'>subita</span> <span class='ocrx_word' id='word_1_58' title='bbox 921 1738 994 1780; x_wconf 91' lang='lat' dir='ltr'>est</span> <span class='ocrx_word' id='word_1_59' title='bbox 1018 1728 1097 1778; x_wconf 92' lang='lat' dir='ltr'>vix</span> <span class='ocrx_word' id='word_1_60' title='bbox 1120 1728 1298 1779; x_wconf 90' lang='lat' dir='ltr'>diebus</span> <span class='ocrx_word' id='word_1_61' title='bbox 1323 1730 1499 1780; x_wconf 91' lang='lat' dir='ltr'>decem</span> <span class='ocrx_word' id='word_1_62' title='bbox 1524 1738 1637 1793; x_wconf 92' lang='lat' dir='ltr'>post</span> <span class='ocrx_word' id='word_1_63' title='bbox 1661 1746 1775 1779; x_wconf 90' lang='lat' dir='ltr'>eum</span> <span class='ocrx_word' id='word_1_64' title='bbox 1801 1729 1948 1790; x_wconf 90' lang='lat' dir='ltr'>diem,</span> 
     </span>
     <span class='ocr_line' id='line_1_12' title="bbox 287 1810 1997 1877; baseline -0.004 -14"><span class='ocrx_word' id='word_1_65' title='bbox 287 1812 376 1877; x_wconf 91' lang='lat' dir='ltr'>qui</span> <span class='ocrx_word' id='word_1_66' title='bbox 414 1814 514 1863; x_wconf 91' lang='lat' dir='ltr'>hoc</span> <span class='ocrx_word' id='word_1_67' title='bbox 550 1821 600 1863; x_wconf 93' lang='lat' dir='ltr'>et</span> <span class='ocrx_word' id='word_1_68' title='bbox 634 1811 884 1876; x_wconf 88' lang='lat' dir='ltr'>superiore</span> <span class='ocrx_word' id='word_1_69' title='bbox 923 1811 1050 1861; x_wconf 90' lang='lat' dir='ltr'>libro</span> <span class='ocrx_word' id='word_1_70' title='bbox 1086 1811 1378 1861; x_wconf 88' lang='lat' dir='ltr'>continetur.</span> <span class='ocrx_word' id='word_1_71' title='bbox 1454 1813 1527 1862; x_wconf 95' lang='lat' dir='ltr'>Ut</span> <span class='ocrx_word' id='word_1_72' title='bbox 1563 1810 1696 1861; x_wconf 90' lang='lat' dir='ltr'>enim</span> <span class='ocrx_word' id='word_1_73' title='bbox 1733 1812 1950 1860; x_wconf 89' lang='lat' dir='ltr'>Romam</span> <span class='ocrx_word' id='word_1_74' title='bbox 1977 1828 1997 1856; x_wconf 83' lang='lat'>2</span> 
     </span>
     <span class='ocr_line' id='line_1_13' title="bbox 287 1893 1952 1953; baseline -0.001 -9"><span class='ocrx_word' id='word_1_75' title='bbox 287 1893 434 1945; x_wconf 88' lang='lat' dir='ltr'>rediit</span> <span class='ocrx_word' id='word_1_76' title='bbox 464 1903 684 1944; x_wconf 90' lang='lat' dir='ltr'>extremo</span> <span class='ocrx_word' id='word_1_77' title='bbox 715 1894 947 1943; x_wconf 91' lang='lat' dir='ltr'>ludorum</span> <span class='ocrx_word' id='word_1_78' title='bbox 980 1893 1320 1943; x_wconf 88' lang='lat' dir='ltr'>scaenicorum</span> <span class='ocrx_word' id='word_1_79' title='bbox 1353 1893 1447 1953; x_wconf 89' lang='lat' dir='ltr'>die,</span> <span class='ocrx_word' id='word_1_80' title='bbox 1476 1894 1796 1943; x_wconf 88' lang='lat' dir='ltr'>vehementer</span> <span class='ocrx_word' id='word_1_81' title='bbox 1819 1909 1952 1943; x_wconf 88' lang='lat' dir='ltr'>com-</span> 
     </span>
     <span class='ocr_line' id='line_1_14' title="bbox 287 1973 1954 2038; baseline -0.001 -13"><span class='ocrx_word' id='word_1_82' title='bbox 287 1983 454 2025; x_wconf 92' lang='lat' dir='ltr'>motus</span> <span class='ocrx_word' id='word_1_83' title='bbox 488 1975 712 2026; x_wconf 91' lang='lat' dir='ltr'>oratione</span> <span class='ocrx_word' id='word_1_84' title='bbox 746 1990 817 2034; x_wconf 85' lang='lat' dir='ltr'>ea,</span> <span class='ocrx_word' id='word_1_85' title='bbox 845 1990 974 2038; x_wconf 90' lang='lat' dir='ltr'>quae</span> <span class='ocrx_word' id='word_1_86' title='bbox 1005 1975 1251 2024; x_wconf 91' lang='lat' dir='ltr'>ferebatur</span> <span class='ocrx_word' id='word_1_87' title='bbox 1284 1974 1454 2024; x_wconf 90' lang='lat' dir='ltr'>habita</span> <span class='ocrx_word' id='word_1_88' title='bbox 1489 1990 1596 2024; x_wconf 90' lang='lat' dir='ltr'>esse</span> <span class='ocrx_word' id='word_1_89' title='bbox 1631 1973 1683 2023; x_wconf 90' lang='lat' dir='ltr'>in</span> <span class='ocrx_word' id='word_1_90' title='bbox 1719 1973 1954 2025; x_wconf 91' lang='lat' dir='ltr'>contione</span> 
     </span>
     <span class='ocr_line' id='line_1_15' title="bbox 211 2055 1953 2122; baseline 0 -16"><span class='ocrx_word' id='word_1_91' title='bbox 211 2073 266 2106; x_wconf 78' lang='grc' dir='ltr'>ιο</span> <span class='ocrx_word' id='word_1_92' title='bbox 286 2071 318 2107; x_wconf 85' lang='lat' dir='ltr'>a</span> <span class='ocrx_word' id='word_1_93' title='bbox 334 2055 581 2122; x_wconf 87' lang='lat' dir='ltr'>Philippo,</span> <span class='ocrx_word' id='word_1_94' title='bbox 608 2072 759 2121; x_wconf 90' lang='lat' dir='ltr'>quem</span> <span class='ocrx_word' id='word_1_95' title='bbox 778 2055 959 2107; x_wconf 88' lang='lat' dir='ltr'>dixisse</span> <span class='ocrx_word' id='word_1_96' title='bbox 984 2057 1245 2106; x_wconf 86' lang='lat' dir='ltr'>constabat</span> <span class='ocrx_word' id='word_1_97' title='bbox 1268 2055 1541 2106; x_wconf 90' lang='lat' dir='ltr'>videndum</span> <span class='ocrx_word' id='word_1_98' title='bbox 1567 2056 1661 2106; x_wconf 91' lang='lat' dir='ltr'>sibi</span> <span class='ocrx_word' id='word_1_99' title='bbox 1686 2073 1794 2106; x_wconf 91' lang='lat' dir='ltr'>esse</span> <span class='ocrx_word' id='word_1_100' title='bbox 1817 2057 1953 2107; x_wconf 88' lang='lat' dir='ltr'>aliud</span> 
     </span>
     <span class='ocr_line' id='line_1_16' title="bbox 285 2135 1984 2203; baseline 0.001 -15"><span class='ocrx_word' id='word_1_101' title='bbox 285 2136 549 2188; x_wconf 90' lang='lat' dir='ltr'>consilium</span> <span class='ocrx_word' id='word_1_102' title='bbox 565 2155 580 2200; x_wconf 88' lang='lat'>;</span> <span class='ocrx_word' id='word_1_103' title='bbox 613 2135 700 2187; x_wconf 93' lang='lat' dir='ltr'>illo</span> <span class='ocrx_word' id='word_1_104' title='bbox 731 2145 906 2188; x_wconf 90' lang='lat' dir='ltr'>senatu</span> <span class='ocrx_word' id='word_1_105' title='bbox 942 2154 996 2187; x_wconf 91' lang='lat' dir='ltr'>se</span> <span class='ocrx_word' id='word_1_106' title='bbox 1030 2155 1134 2187; x_wconf 91' lang='lat' dir='ltr'>rem</span> <span class='ocrx_word' id='word_1_107' title='bbox 1171 2137 1423 2202; x_wconf 86' lang='lat' dir='ltr'>publicam</span> <span class='ocrx_word' id='word_1_108' title='bbox 1454 2155 1621 2202; x_wconf 90' lang='lat' dir='ltr'>gerere</span> <span class='ocrx_word' id='word_1_109' title='bbox 1650 2154 1753 2188; x_wconf 93' lang='lat' dir='ltr'>non</span> <span class='ocrx_word' id='word_1_110' title='bbox 1788 2154 1950 2203; x_wconf 93' lang='lat' dir='ltr'>posse,</span> <span class='ocrx_word' id='word_1_111' title='bbox 1971 2165 1984 2177; x_wconf 91' lang='lat'><strong>·</strong></span> 
     </span>
     <span class='ocr_line' id='line_1_17' title="bbox 285 2217 1952 2284; baseline -0.001 -14"><span class='ocrx_word' id='word_1_112' title='bbox 285 2235 433 2270; x_wconf 83' lang='lat' dir='ltr'>mane</span> <span class='ocrx_word' id='word_1_113' title='bbox 458 2218 633 2270; x_wconf 91' lang='lat' dir='ltr'>Idibus</span> <span class='ocrx_word' id='word_1_114' title='bbox 652 2218 1026 2284; x_wconf 89' lang='lat' dir='ltr'>Septembribus</span> <span class='ocrx_word' id='word_1_115' title='bbox 1051 2227 1100 2268; x_wconf 93' lang='lat' dir='ltr'>et</span> <span class='ocrx_word' id='word_1_116' title='bbox 1123 2217 1205 2268; x_wconf 91' lang='lat' dir='ltr'>ille</span> <span class='ocrx_word' id='word_1_117' title='bbox 1229 2227 1278 2268; x_wconf 94' lang='lat' dir='ltr'>et</span> <span class='ocrx_word' id='word_1_118' title='bbox 1302 2227 1501 2268; x_wconf 89' lang='lat' dir='ltr'>senatus</span> <span class='ocrx_word' id='word_1_119' title='bbox 1519 2219 1748 2282; x_wconf 90' lang='lat' dir='ltr'>frequens</span> <span class='ocrx_word' id='word_1_120' title='bbox 1773 2228 1952 2269; x_wconf 89' lang='lat' dir='ltr'>vocatu</span> 
     </span>
     <span class='ocr_line' id='line_1_18' title="bbox 286 2299 1951 2366; baseline 0.001 -15"><span class='ocrx_word' id='word_1_121' title='bbox 286 2299 439 2351; x_wconf 91' lang='lat' dir='ltr'>Drusi</span> <span class='ocrx_word' id='word_1_122' title='bbox 468 2300 521 2351; x_wconf 93' lang='lat' dir='ltr'>in</span> <span class='ocrx_word' id='word_1_123' title='bbox 548 2300 735 2351; x_wconf 90' lang='lat' dir='ltr'>curiam</span> <span class='ocrx_word' id='word_1_124' title='bbox 759 2300 927 2362; x_wconf 83' lang='lat' dir='ltr'>venit3</span> <span class='ocrx_word' id='word_1_125' title='bbox 962 2299 1032 2350; x_wconf 90' lang='lat' dir='ltr'>ibi</span> <span class='ocrx_word' id='word_1_126' title='bbox 1064 2317 1179 2350; x_wconf 88' lang='lat' dir='ltr'>cum</span> <span class='ocrx_word' id='word_1_127' title='bbox 1211 2303 1402 2350; x_wconf 90' lang='lat' dir='ltr'>Drusus</span> <span class='ocrx_word' id='word_1_128' title='bbox 1431 2302 1586 2350; x_wconf 90' lang='lat' dir='ltr'>multa</span> <span class='ocrx_word' id='word_1_129' title='bbox 1621 2301 1685 2350; x_wconf 93' lang='lat' dir='ltr'>de</span> <span class='ocrx_word' id='word_1_130' title='bbox 1718 2299 1951 2366; x_wconf 91' lang='lat' dir='ltr'>Philippo</span> 
     </span>
     <span class='ocr_line' id='line_1_19' title="bbox 284 2380 1948 2446; baseline 0.001 -14"><span class='ocrx_word' id='word_1_131' title='bbox 284 2390 489 2446; x_wconf 91' lang='lat' dir='ltr'>questus</span> <span class='ocrx_word' id='word_1_132' title='bbox 513 2392 655 2443; x_wconf 91' lang='lat' dir='ltr'>esset,</span> <span class='ocrx_word' id='word_1_133' title='bbox 683 2382 868 2433; x_wconf 91' lang='lat' dir='ltr'>rettulit</span> <span class='ocrx_word' id='word_1_134' title='bbox 899 2383 965 2432; x_wconf 89' lang='lat' dir='ltr'>ad</span> <span class='ocrx_word' id='word_1_135' title='bbox 995 2391 1222 2432; x_wconf 91' lang='lat' dir='ltr'>senatum</span> <span class='ocrx_word' id='word_1_136' title='bbox 1247 2383 1311 2433; x_wconf 93' lang='lat' dir='ltr'>de</span> <span class='ocrx_word' id='word_1_137' title='bbox 1335 2381 1420 2432; x_wconf 92' lang='lat' dir='ltr'>illo</span> <span class='ocrx_word' id='word_1_138' title='bbox 1444 2381 1567 2446; x_wconf 91' lang='lat' dir='ltr'>ipso,</span> <span class='ocrx_word' id='word_1_139' title='bbox 1594 2382 1732 2446; x_wconf 92' lang='lat' dir='ltr'>quod</span> <span class='ocrx_word' id='word_1_140' title='bbox 1756 2380 1807 2431; x_wconf 91' lang='lat' dir='ltr'>in</span> <span class='ocrx_word' id='word_1_141' title='bbox 1832 2398 1948 2433; x_wconf 88' lang='lat' dir='ltr'>eum</span> 
     </span>
     <span class='ocr_line' id='line_1_20' title="bbox 210 2461 1942 2527; baseline 0.002 -17"><span class='ocrx_word' id='word_1_142' title='bbox 210 2478 260 2522; x_wconf 73' lang='lat'>15</span> <span class='ocrx_word' id='word_1_143' title='bbox 284 2463 511 2514; x_wconf 89' lang='lat' dir='ltr'>ordinem</span> <span class='ocrx_word' id='word_1_144' title='bbox 552 2465 726 2515; x_wconf 92' lang='lat' dir='ltr'>consul</span> <span class='ocrx_word' id='word_1_145' title='bbox 767 2472 868 2513; x_wconf 89' lang='lat' dir='ltr'>tam</span> <span class='ocrx_word' id='word_1_146' title='bbox 907 2462 1114 2527; x_wconf 89' lang='lat' dir='ltr'>graviter</span> <span class='ocrx_word' id='word_1_147' title='bbox 1159 2462 1211 2512; x_wconf 92' lang='lat' dir='ltr'>in</span> <span class='ocrx_word' id='word_1_148' title='bbox 1257 2463 1491 2513; x_wconf 89' lang='lat' dir='ltr'>contione</span> <span class='ocrx_word' id='word_1_149' title='bbox 1537 2471 1666 2513; x_wconf 92' lang='lat' dir='ltr'>esset</span> <span class='ocrx_word' id='word_1_150' title='bbox 1706 2461 1942 2514; x_wconf 91' lang='lat' dir='ltr'>invectus.</span> 
     </span>
     <span class='ocr_line' id='line_1_21' title="bbox 284 2543 1991 2610; baseline 0.001 -17"><span class='ocrx_word' id='word_1_151' title='bbox 284 2543 401 2605; x_wconf 89' lang='lat' dir='ltr'>Hie,</span> <span class='ocrx_word' id='word_1_152' title='bbox 443 2554 499 2595; x_wconf 92' lang='lat' dir='ltr'>ut</span> <span class='ocrx_word' id='word_1_153' title='bbox 534 2562 681 2610; x_wconf 91' lang='lat' dir='ltr'>saepe</span> <span class='ocrx_word' id='word_1_154' title='bbox 712 2545 838 2595; x_wconf 91' lang='lat' dir='ltr'>inter</span> <span class='ocrx_word' id='word_1_155' title='bbox 874 2544 1102 2595; x_wconf 90' lang='lat' dir='ltr'>homines</span> <span class='ocrx_word' id='word_1_156' title='bbox 1140 2544 1526 2609; x_wconf 91' lang='lat' dir='ltr'>sapientissimos</span> <span class='ocrx_word' id='word_1_157' title='bbox 1565 2551 1790 2595; x_wconf 89' lang='lat' dir='ltr'>constare</span> <span class='ocrx_word' id='word_1_158' title='bbox 1826 2543 1941 2606; x_wconf 88' lang='lat' dir='ltr'>vidi,</span> <span class='ocrx_word' id='word_1_159' title='bbox 1967 2552 1991 2594; x_wconf 85' lang='lat'><strong>3</strong></span> 
     </span>
     <span class='ocr_line' id='line_1_22' title="bbox 281 2623 1949 2691; baseline 0.001 -16"><span class='ocrx_word' id='word_1_160' title='bbox 281 2641 585 2690; x_wconf 91' lang='lat' dir='ltr'>quamquam</span> <span class='ocrx_word' id='word_1_161' title='bbox 631 2627 730 2677; x_wconf 92' lang='lat' dir='ltr'>hoc</span> <span class='ocrx_word' id='word_1_162' title='bbox 776 2628 969 2687; x_wconf 84' lang='lat' dir='ltr'>CraSSO,</span> <span class='ocrx_word' id='word_1_163' title='bbox 1015 2643 1130 2675; x_wconf 91' lang='lat' dir='ltr'>cum</span> <span class='ocrx_word' id='word_1_164' title='bbox 1177 2626 1364 2691; x_wconf 88' lang='lat' dir='ltr'>aliquid</span> <span class='ocrx_word' id='word_1_165' title='bbox 1411 2623 1685 2676; x_wconf 88' lang='lat' dir='ltr'>accuratius</span> <span class='ocrx_word' id='word_1_166' title='bbox 1727 2625 1949 2687; x_wconf 74' lang='lat' dir='ltr'>dixisset,</span> 
     </span>
     <span class='ocr_line' id='line_1_23' title="bbox 280 2705 1947 2772; baseline 0 -15"><span class='ocrx_word' id='word_1_167' title='bbox 280 2721 476 2770; x_wconf 88' lang='lat' dir='ltr'>semper</span> <span class='ocrx_word' id='word_1_168' title='bbox 509 2709 610 2757; x_wconf 89' lang='lat' dir='ltr'>fere</span> <span class='ocrx_word' id='word_1_169' title='bbox 645 2706 943 2771; x_wconf 87' lang='lat' dir='ltr'>contigisset,</span> <span class='ocrx_word' id='word_1_170' title='bbox 982 2716 1036 2756; x_wconf 90' lang='lat' dir='ltr'>ut</span> <span class='ocrx_word' id='word_1_171' title='bbox 1071 2724 1344 2771; x_wconf 89' lang='lat' dir='ltr'>numquam</span> <span class='ocrx_word' id='word_1_172' title='bbox 1382 2707 1563 2757; x_wconf 84' lang='lat' dir='ltr'>dixisse</span> <span class='ocrx_word' id='word_1_173' title='bbox 1598 2705 1774 2756; x_wconf 90' lang='lat' dir='ltr'>melius</span> <span class='ocrx_word' id='word_1_174' title='bbox 1809 2716 1947 2772; x_wconf 89' lang='lat' dir='ltr'>puta·</span> 
     </span>
     <span class='ocr_line' id='line_1_24' title="bbox 279 2787 1943 2851; baseline 0 -13"><span class='ocrx_word' id='word_1_175' title='bbox 279 2797 426 2851; x_wconf 89' lang='lat' dir='ltr'>retur,</span> <span class='ocrx_word' id='word_1_176' title='bbox 467 2798 635 2839; x_wconf 90' lang='lat' dir='ltr'>tamen</span> <span class='ocrx_word' id='word_1_177' title='bbox 681 2789 906 2839; x_wconf 88' lang='lat' dir='ltr'>omniurn</span> <span class='ocrx_word' id='word_1_178' title='bbox 953 2805 1200 2839; x_wconf 91' lang='lat' dir='ltr'>consensu</span> <span class='ocrx_word' id='word_1_179' title='bbox 1248 2789 1318 2838; x_wconf 92' lang='lat' dir='ltr'>sic</span> <span class='ocrx_word' id='word_1_180' title='bbox 1365 2805 1472 2838; x_wconf 91' lang='lat' dir='ltr'>esse</span> <span class='ocrx_word' id='word_1_181' title='bbox 1519 2799 1625 2838; x_wconf 91' lang='lat' dir='ltr'>tum</span> <span class='ocrx_word' id='word_1_182' title='bbox 1672 2787 1943 2839; x_wconf 89' lang='lat' dir='ltr'>iudicatum</span> 
     </span>
    </p>
   </div>
   <div class='ocr_carea' id='block_1_7' title="bbox 277 2914 1949 3077">
    <p class='ocr_par' dir='ltr' id='par_1_7' title="bbox 277 2914 1949 3077">
     <span class='ocr_line' id='line_1_25' title="bbox 332 2914 1943 2969; baseline 0.002 -13"><span class='ocrx_word' id='word_1_183' title='bbox 332 2914 388 2956; x_wconf 81' lang='grc' dir='ltr'><em>Μ</em></span> <span class='ocrx_word' id='word_1_184' title='bbox 403 2935 439 2951; x_wconf 89' lang='lat'><em>=</em></span> <span class='ocrx_word' id='word_1_185' title='bbox 463 2915 602 2957; x_wconf 85' lang='grc' dir='ltr'>ΑΕΗ</span> <span class='ocrx_word' id='word_1_186' title='bbox 863 2929 912 2957; x_wconf 86' lang='lat'>12</span> <span class='ocrx_word' id='word_1_187' title='bbox 944 2917 1270 2968; x_wconf 87' lang='lat' dir='ltr'>Septembribus</span> <span class='ocrx_word' id='word_1_188' title='bbox 1303 2916 1444 2969; x_wconf 64' lang='lat' dir='ltr'><em>vulg:</em></span> <span class='ocrx_word' id='word_1_189' title='bbox 1504 2916 1768 2969; x_wconf 88' lang='lat' dir='ltr'>Septembris</span> <span class='ocrx_word' id='word_1_190' title='bbox 1806 2915 1943 2959; x_wconf 64' lang='lat' dir='ltr'>codd}</span> 
     </span>
     <span class='ocr_line' id='line_1_26' title="bbox 277 2969 1949 3025; baseline -0.001 -13"><span class='ocrx_word' id='word_1_191' title='bbox 277 2969 518 3022; x_wconf 84' lang='lat' dir='ltr'>Septembr.</span> <span class='ocrx_word' id='word_1_192' title='bbox 538 2972 576 3011; x_wconf 90' lang='lat' dir='ltr'>is</span> <span class='ocrx_word' id='word_1_193' title='bbox 594 2969 799 3012; x_wconf 73' lang='lat' dir='ltr'>Friedrich</span> <span class='ocrx_word' id='word_1_194' title='bbox 951 2983 1001 3022; x_wconf 89' lang='lat'>15</span> <span class='ocrx_word' id='word_1_195' title='bbox 1031 2978 1118 3011; x_wconf 88' lang='lat' dir='ltr'>tam</span> <span class='ocrx_word' id='word_1_196' title='bbox 1139 2971 1175 3011; x_wconf 95' lang='lat' dir='ltr'><em>L</em></span> <span class='ocrx_word' id='word_1_197' title='bbox 1195 2972 1306 3025; x_wconf 87' lang='lat' dir='ltr'><em>vulg.</em></span> <span class='ocrx_word' id='word_1_198' title='bbox 1327 2986 1335 3012; x_wconf 95' lang='lat'><strong>:</strong></span> <span class='ocrx_word' id='word_1_199' title='bbox 1366 2977 1455 3011; x_wconf 87' lang='lat' dir='ltr'>tum</span> <span class='ocrx_word' id='word_1_200' title='bbox 1474 2970 1528 3011; x_wconf 90' lang='lat' dir='ltr'><em>M</em></span> <span class='ocrx_word' id='word_1_201' title='bbox 1697 2974 1747 3011; x_wconf 91' lang='lat'>16</span> <span class='ocrx_word' id='word_1_202' title='bbox 1777 2970 1876 3012; x_wconf 92' lang='lat' dir='ltr'>Huc</span> <span class='ocrx_word' id='word_1_203' title='bbox 1894 2970 1949 3011; x_wconf 91' lang='lat' dir='ltr'><em>M</em></span> 
     </span>
     <span class='ocr_line' id='line_1_27' title="bbox 280 3025 1094 3077; baseline 0.001 -13"><span class='ocrx_word' id='word_1_204' title='bbox 280 3026 332 3065; x_wconf 84' lang='lat'>18</span> <span class='ocrx_word' id='word_1_205' title='bbox 358 3026 589 3077; x_wconf 86' lang='lat' dir='ltr'>contigisse</span> <span class='ocrx_word' id='word_1_206' title='bbox 608 3025 663 3066; x_wconf 82' lang='lat' dir='ltr'><em>M</em></span> <span class='ocrx_word' id='word_1_207' title='bbox 826 3039 876 3077; x_wconf 88' lang='lat'>19</span> <span class='ocrx_word' id='word_1_208' title='bbox 905 3032 1020 3067; x_wconf 89' lang='lat' dir='ltr'>esset</span> <span class='ocrx_word' id='word_1_209' title='bbox 1039 3025 1094 3065; x_wconf 87' lang='lat' dir='ltr'><em>M</em></span> 
     </span>
    </p>
   </div>
   <div class='ocr_carea' id='block_1_8' title="bbox 1756 3094 1833 3135">
    <p class='ocr_par' dir='ltr' id='par_1_8' title="bbox 1756 3094 1833 3135">
     <span class='ocr_line' id='line_1_28' title="bbox 1756 3094 1833 3135; baseline -0.013 0"><span class='ocrx_word' id='word_1_210' title='bbox 1756 3094 1833 3135; x_wconf 82' lang='lat'>12*</span> 
     </span>
    </p>
   </div>
  </div>
 </body>
</html>
