2112 3444
791 153 889 206 DE
923 156 1263 208 ORATORE
1300 162 1324 210 I
1919 177 2074 231 ιιι-96

228 285 615 362 &putationem
640 289 800 361 paene
823 297 1049 347 intimam
1074 294 1316 360 veniretis,
1343 300 1422 349 vix
1446 304 1720 365 optandum
1746 305 1892 355 nobis

229 377 498 430 videbatur.
572 381 681 442 Ego
706 378 853 439 enim,
880 378 966 442 qui
989 379 1054 428 ab
1073 379 1275 428 ineunte
1291 390 1452 430 aetate
1476 381 1707 433 incensus
1730 401 1891 435 essem
1917 401 1968 447 97

226 457 394 510 studio
425 457 680 523 utriusque
710 467 940 519 vestrum,
968 459 1132 509 Crassi
1165 476 1281 509 vero
1309 460 1458 509 etiam
1481 478 1662 522 amore,
1689 480 1801 512 cum
1827 465 1893 514 ab

226 554 290 590 eo
324 555 572 603 nusquam
609 539 931 599 discederem,
971 539 1178 589 verbum
1219 557 1279 590 ex
1309 557 1372 590 eo
1408 558 1682 606 numquam
1717 543 1893 594 elicere

179 636 204 681 3
225 618 366 685 potui
389 620 454 670 de
471 619 519 669 vi
541 635 601 668 ac
618 619 807 669 ratione
831 619 1045 680 dicendi,
1068 637 1182 669 cum
1207 630 1256 670 et
1279 638 1367 684 per
1390 639 1472 671 me
1495 621 1657 686 ipsum
1682 623 1889 687 egissem

223 707 275 752 et
326 716 415 764 per
469 702 687 749 Drusum
742 715 890 763 saepe
936 709 1254 763 temptassem
1272 719 1287 762 3
1342 717 1445 764 quo
1490 701 1542 750 in
1597 719 1775 767 genere
1820 712 1889 765 tu,

222 779 612 841 Antoni‚—vere
635 782 1151 844 loquar—numquam
1171 780 1293 830 mihi
1310 782 1621 845 percontanti
1643 793 1728 833 aut
1746 800 1891 848 quae-

222 859 350 911 renti
371 860 561 925 aliquid
584 860 784 910 defuisti
808 869 857 910 et
880 877 1117 925 persaepe
1140 877 1234 922 me,
1256 877 1384 925 quae
1402 864 1584 912 soleres
1602 864 1654 912 in
1673 864 1890 915 dicendo

222 941 497 1002 observare,
557 940 784 990 docuisti.
882 943 1045 1002 Nune,
1111 942 1348 1005 quoniam
1410 953 1617 1008 uterque
1673 955 1890 995 vestrum
1913 959 1965 1009 98

149 1034 203 1072 ie
221 1022 454 1088 patefecit
484 1038 653 1072 earum
688 1021 905 1086 ipsarum
940 1039 1102 1072 rerum
1136 1023 1341 1084 aditum,
1368 1040 1491 1088 quas
1520 1025 1814 1089 quaerimuS,
1841 1037 1890 1076 et

220 1102 458 1168 quoniam
482 1103 712 1168 princeps
736 1105 943 1155 Crassus
975 1103 1080 1154 eius
1113 1105 1352 1155 sermonis
1385 1105 1613 1157 ordiendi
1644 1106 1748 1168 fuit,
1775 1109 1891 1157 date

220 1182 367 1234 nobis
401 1185 533 1234 hanc
574 1183 785 1245 veniam,
825 1194 880 1235 ut
921 1201 992 1246 ea,
1033 1201 1162 1249 quae
1199 1186 1389 1236 sentitis
1431 1188 1495 1236 de
1536 1187 1674 1237 omni
1709 1205 1888 1252 genere

220 1262 436 1325 dicendi,
479 1264 723 1315 subtiliter
758 1256 1124 1329 persequamini
1142 1284 1157 1327 3
1206 1268 1344 1330 quod
1391 1267 1594 1331 quidem
1642 1268 1682 1318 si
1723 1269 1812 1319 erit
1858 1286 1888 1319 a

217 1344 361 1396 vobis
384 1344 715 1411 impetratum,
742 1363 973 1411 magnam
1006 1347 1219 1408 habeb0,
1248 1349 1438 1409 Crasse,
1470 1349 1586 1398 huic
1617 1352 1886 1414 palaestrae

146 1441 195 1485 ιε
218 1435 269 1477 et
291 1429 580 1478 Tusculano
616 1437 705 1478 tuo
741 1428 946 1492 gratiam
979 1438 1028 1478 et
1060 1430 1207 1493 longe
1230 1429 1532 1479 Academiae
1556 1430 1625 1479 illi
1649 1447 1707 1480 ac
1733 1431 1886 1495 Lycio
1919 1455 1921 1457 ·

217 1500 360 1557 tuum
390 1509 490 1559 hoc
521 1509 861 1559 suburbanum
901 1509 1211 1573 gymnasium
1248 1514 1580 1574 anteponam!
1648 1513 1780 1561 Tum
1805 1512 1886 1561 ille
1908 1487 1975 1525 ²²

220 1588 405 1639 ‘immo
444 1592 592 1651 vero,'
632 1589 793 1654 inquit
836 1590 1061 1653 ‘Sulpiei,
1105 1607 1333 1654 rogemus
1374 1591 1665 1652 Antonium,
1709 1592 1794 1655 qui
1836 1601 1885 1643 et

217 1678 381 1734 potest
404 1671 578 1731 facere,
605 1672 744 1734 quod
767 1670 985 1734 requiriS,
1007 1680 1056 1720 et
1080 1671 1350 1731 consuevit,
1371 1680 1425 1721 ut
1448 1681 1498 1721 te
1515 1673 1666 1722 audio
1689 1672 1884 1723 dicere:

216 1766 334 1799 narn
358 1759 440 1800 me
463 1750 667 1815 quidem
694 1749 871 1818 [fateor
894 1749 1107 1818 semper]
1132 1768 1163 1801 a
1190 1767 1369 1815 genere
1391 1753 1489 1801 hoc
1513 1761 1620 1802 toto
1643 1754 1885 1804 sermonis

142 1848 194 1878 ιο
215 1830 451 1896 refugisse
482 1840 546 1881 et‘
564 1831 654 1881 tibi
687 1831 917 1895 cupienti*
938 1842 1087 1895 atque
1118 1831 1320 1881 instanti
1349 1832 1634 1896 saepissime
1662 1850 1882 1897 negasse,

217 1909 314 1980 [ut]
348 1921 454 1962 tute
487 1914 638 1976 paulo
674 1922 791 1962 ante
822 1913 987 1963 dixisti
1006 1932 1020 1974 3
1053 1914 1191 1976 quod
1223 1929 1316 1976 ego
1341 1930 1442 1962 non
1467 1914 1696 1978 superbia
1719 1918 1884 1978 neque

215 1993 578 2044 inhumanitate
618 1994 861 2044 faciebam
898 2011 1062 2058 neque
1100 1995 1237 2057 quod
1274 2003 1362 2043 tuo
1403 1994 1569 2044 studio
1610 1995 1883 2044 rectissimo

214 2084 365 2139 atque
388 2075 580 2139 optimo
608 2092 711 2125 non
744 2075 953 2138 obsequi
986 2077 1178 2136 vellem,
1204 2075 1489 2138 praesertim
1514 2092 1627 2124 cum
1652 2085 1702 2124 te
1725 2093 1882 2125 unum

215 2164 276 2206 ex
298 2156 532 2206 omnibus
556 2158 622 2206 ad
645 2156 916 2206 dicendum
951 2156 1162 2206 maxime
1186 2165 1357 2205 natum
1381 2165 1653 2220 aptumque
1677 2173 1883 2220 cognos-

142 2253 192 2297 ²5
215 2253 336 2298 sem,
374 2239 464 2287 sed
504 2254 586 2286 me
623 2238 823 2286 hercule
864 2237 1003 2286 istius
1046 2237 1393 2301 disputationis
1433 2237 1696 2287 insolentia
1731 2247 1882 2301 atque

214 2334 384 2368 mrum
421 2334 597 2379 rerum,
623 2334 753 2382 quae
785 2318 926 2382 quasi
955 2318 1006 2367 in
1030 2329 1133 2368 arte
1157 2319 1428 2378 traduntur,
1456 2318 1678 2368 inscitia.²
1747 2321 1880 2367 Tum
1907 2340 1986 2370 100

215 2401 366 2450 Cotta
391 2399 656 2462 ‘quoniam
683 2397 794 2466 [id,]
820 2401 958 2462 quod
983 2399 1326 2448 difficillimum
1352 2398 1498 2449 nobis
1527 2399 1798 2460 videbatur,
1825 2409 1880 2449 ut

213 2479 422 2529 omnino
445 2481 510 2529 de
541 2479 618 2529 his
653 2480 814 2540 rebus,
842 2481 1032 2540 Crasse,
1058 2483 1326 2544 loquerere,
1351 2480 1576 2530 adsecuti
1604 2497 1788 2540 sumus,
1815 2482 1879 2529 de

213 2561 405 2624 reliquo
445 2560 543 2610 iam
585 2569 752 2610 nostra
793 2563 939 2624 culpa
984 2561 1140 2620 fuerit,
1191 2562 1231 2611 si
1278 2570 1340 2620 te,
1383 2561 1478 2610 nisi
1526 2561 1707 2621 omnia,
1751 2577 1879 2623 quae

142 2659 194 2699 30
212 2641 488 2704 percontati
519 2641 715 2701 erimus,
742 2641 1010 2704 explicaris,
1037 2641 1395 2690 dimiserimus.’
1468 2646 1480 2668 ⁴
1498 2645 1576 2691 De
1600 2642 1683 2702 eis,
1712 2643 1876 2702 credo,
1905 2658 1976 2688 101

213 2722 392 2782 rebuS‚²
415 2721 576 2786 inquit
595 2723 802 2772 Crassus
824 2726 836 2748 ‘
852 2731 906 2771 ut
930 2722 981 2770 in
1007 2722 1306 2770 cretionibus
1331 2721 1478 2770 scribi
1502 2724 1626 2771 solet
1647 2742 1656 2771 :
1693 2737 1878 2780 QVIBVS

21 2212 53 2242 'r

267 2849 323 2890 M
327 2869 363 2885 =
372 2850 464 2890 HE
629 2863 680 2902 19
707 2851 846 2891 fateor
864 2863 948 2890 om.
972 2863 1061 2892 recc.
1079 2864 1087 2891 :
1117 2862 1288 2900 semper
1306 2863 1390 2889 om.
1412 2848 1466 2888 M
1571 2855 1706 2890 totum
1726 2852 1878 2890 maluit

212 2903 429 3000 ξηὶιὲηέζιη
464 2957 516 2997 M
579 2918 627 2944 21
657 2910 702 2944 ut
722 2918 793 2946 om
813 2903 866 2943 M
1039 2906 1094 2944 26
1121 2905 1287 2946 inscitia
1306 2902 1344 2942 L
1363 2902 1527 2944 Nonius
1546 2917 1556 2944 :
1585 2905 1808 2945 inscientia
1827 2904 1881 2944 M

242 2971 266 3009 7
295 2971 310 2998 1
432 2987 442 2998 .
