2150 3444
151 165 182 220 8
209 184 257 224 31
740 164 810 213 M.
850 164 1060 213 TVLLI
1098 164 1479 221 CICERONIS

207 319 255 361 32
279 316 428 365 quam
463 318 493 351 a
526 299 694 353 nescio
729 317 826 366 qua
861 300 1128 365 dignitate)
1199 306 1211 327 ⁴
1231 303 1303 352 Ut
1338 301 1482 366 igitur
1516 303 1581 355 de
1614 302 1723 370 ipso
1755 323 1934 372 genere

278 399 389 433 sum
425 385 707 442 confessu3,'
731 381 891 446 inquit
915 380 1164 432 Antonius
1193 386 1376 433 ‘artem
1401 399 1509 434 esse
1531 401 1634 435 non
1652 387 1930 450 maximam,

277 464 347 529 sic
371 464 493 515 illud
516 466 738 524 adfirmo,
760 471 1021 527 praecepta
1043 479 1190 527 posse
1214 465 1462 526 quaedam
1485 465 1592 516 dari
1613 477 1846 533 peracuta
1867 470 1934 520 ad

275 547 643 610 pertractandos
683 544 875 594 animos
916 544 1176 594 hominum
1218 553 1268 594 et
1304 547 1369 596 ad
1411 546 1724 612 excipiendas
1761 566 1933 600 eorum

275 628 563 677 voluntates,
651 625 816 675 Huius
863 624 933 674 rei
979 624 1235 675 scientiam
1283 626 1324 675 si
1370 627 1480 691 quis
1525 630 1658 679 volet
1702 646 1932 695 magnam
1957 646 1980 691 5

276 709 527 771 quandam
561 715 715 756 artem
751 722 858 756 esse
893 704 1070 765 dicere,
1103 721 1214 775 non·
1241 709 1563 772 repugnab03
1597 709 1782 765 etenim
1817 728 1932 762 cum

275 789 496 853 plerique
519 797 702 839 temere
733 803 791 836 ac
823 787 959 835 nulla
981 784 1171 837 ratione
1194 803 1368 838 causas
1398 789 1451 839 in
1482 792 1590 846 foro
1621 790 1802 852 dicant,
1829 809 1931 843 non

276 870 397 919 nulli
437 877 603 919 autem
643 875 840 933 propter
877 866 1276 919 exercitationem
1312 878 1398 921 aut
1436 879 1635 937 propter
1674 882 1934 923 consuetu-

275 949 443 999 dinem
467 949 682 1012 aliquam
712 946 935 998 callidius
966 947 1019 998 id
1050 948 1243 1010 faciant,
1270 967 1375 1000 non
1397 959 1472 1001 est
1495 951 1704 1002 dubium
1728 953 1862 1017 quin,
1889 953 1932 1003 si

275 1030 385 1093 quis
419 1028 826 1089 animadverterit,
854 1028 976 1092 quid
1012 1028 1085 1090 sit,
1118 1047 1217 1095 qua
1249 1047 1303 1082 re
1335 1031 1419 1081 alii
1453 1031 1629 1082 melius
1664 1049 1813 1097 quam
1848 1033 1931 1084 alii
1956 1049 2006 1079 10

274 1110 454 1170 dicant,
482 1111 533 1160 id
561 1110 716 1174 possit
748 1118 919 1160 notare
942 1129 952 1160 :
988 1127 1106 1174 ergo
1133 1111 1188 1162 id
1219 1111 1306 1176 qui
1337 1120 1445 1164 toto
1467 1113 1521 1164 in
1542 1130 1721 1178 genere
1743 1116 1928 1178 fecerit,

273 1190 314 1240 is
349 1190 389 1239 si
423 1207 526 1241 non
560 1193 707 1255 plane
741 1199 909 1251 artem,
940 1199 990 1241 at
1027 1191 1168 1255 quasi
1201 1200 1357 1244 artem
1392 1195 1644 1258 quandam
1675 1195 1927 1247 invenerit.

200 1283 250 1324 33
272 1274 439 1335 Atque
469 1271 672 1332 utinam,
707 1279 762 1324 ut
793 1271 915 1321 mihi
951 1271 1034 1323 illa
1066 1272 1237 1323 videor
1270 1273 1438 1331 videre
1471 1274 1523 1325 in
1558 1264 1665 1326 foro
1698 1284 1848 1341 atque
1878 1277 1931 1334 in

272 1353 444 1414 causis,
472 1353 590 1403 item
615 1370 762 1415 nunc,
789 1370 940 1418 quern
963 1355 1029 1404 ad
1053 1355 1262 1405 modum
1285 1371 1345 1406 ea
1366 1355 1703 1420 reperirentur,
1729 1374 1928 1422 possem

271 1435 411 1485 vobis
447 1434 730 1499 exquirere!
798 1435 898 1485 Sed
932 1436 998 1487 de
1033 1452 1114 1486 me
1148 1435 1349 1498 vider03
1388 1453 1522 1499 nunc
1555 1438 1653 1499 hoc
1685 1432 1925 1506 propono,
1953 1453 2002 1497 15

271 1517 408 1580 quod
442 1514 564 1564 mihi
593 1514 825 1579 persuasi,
853 1515 1076 1579 quamvis
1111 1533 1187 1566 ars
1222 1533 1326 1567 non
1356 1517 1433 1580 sit,
1466 1525 1634 1568 tamen
1667 1518 1791 1581 nihil
1822 1535 1930 1581 esse
1961 1510 1965 1513 ’

271 1598 488 1661 perfecto
513 1605 703 1647 oratore
721 1596 1014 1661 praeclarius
1030 1616 1045 1658 3
1079 1614 1196 1646 nam
1220 1606 1275 1647 ut
1298 1614 1443 1658 usum
1462 1598 1663 1654 dicendi
1686 1598 1930 1661 omittam,

273 1677 357 1741 qui
389 1677 440 1726 in
473 1677 609 1727 omni
644 1686 818 1742 pacata
852 1686 902 1727 et
930 1677 1083 1727 libera
1113 1677 1310 1728 civitate
1341 1678 1635 1740 dominatur,
1675 1688 1810 1730 tanta
1844 1681 1930 1731 ob·

272 1757 470 1807 lectatio
502 1767 576 1807 est
604 1757 655 1807 in
686 1757 792 1822 ipsa
820 1759 1050 1808 facultate
1082 1757 1295 1819 dicendi,
1323 1767 1377 1807 ut
1405 1759 1530 1807 nihil
1551 1759 1811 1811 hominum
1842 1769 1928 1810 aut

201 1848 252 1892 34
272 1838 471 1887 auribus
506 1847 591 1888 aut
625 1837 872 1888 mentibus
907 1837 1171 1888 iucundius
1202 1838 1387 1903 percipi
1417 1839 1584 1903 possit,
1658 1841 1759 1903 Qui
1793 1841 1926 1891 enim
1951 1859 2003 1887 20

273 1928 446 1969 cantus
484 1921 737 1969 moderata
777 1919 997 1968 oratione
1037 1918 1227 1968 dulcior
1263 1919 1469 1968 inveniri
1506 1924 1705 1984 potest?
1774 1923 1926 1984 Quod

273 2016 470 2050 carmen
493 1999 753 2050 artificiosa
775 2000 1035 2049 verborum
1060 1999 1378 2049 conclusione
1400 2000 1598 2064 aptius?
1667 2001 1768 2064 Qui
1791 2010 1928 2052 actor

271 2080 510 2131 imitanda
534 2098 683 2145 quam
708 2089 867 2131 orator
891 2080 1205 2145 suscipienda
1221 2080 1422 2131 veritate
1446 2081 1742 2142 iucundior?
1789 2083 1926 2146 Quid

271 2170 437 2212 autem
462 2162 686 2212 subtilius
710 2177 859 2226 quam
884 2162 1082 2211 crebrae
1105 2170 1376 2226 acutaeque
1409 2162 1717 2214 sententiae?
1787 2164 1924 2227 Quid

270 2242 605 2293 admirabilius
662 2259 811 2307 quam
868 2260 943 2292 res
1002 2245 1264 2307 splendore
1320 2243 1574 2293 inlustrata
1625 2244 1925 2294 verborum?
1949 2260 1998 2302 25

272 2323 408 2385 Quid
445 2323 637 2388 plenius
678 2339 828 2387 quam
866 2324 1003 2374 omni
1043 2341 1220 2389 genere
1254 2342 1414 2375 rerum
1450 2327 1700 2376 cumulata
1733 2325 1926 2376 oratio?

272 2406 450 2467 Neque
495 2406 595 2454 ulla
639 2421 741 2454 non
787 2405 982 2469 propria
1028 2406 1231 2456 oratoris
1277 2423 1353 2456 res
1399 2414 1486 2466 est,
1537 2423 1664 2471 quae
1721 2405 1925 2470 quidem

212 2463 249 2511 9
273 2493 442 2534 ornate
478 2485 578 2535 dici
617 2486 921 2550 graviterque
957 2488 1120 2538 debet,
1195 2487 1362 2537 Huius
1399 2496 1473 2537 est
1513 2487 1565 2536 in
1605 2488 1774 2538 dando
1811 2481 1926 2537 con-

200 2537 249 2579 35
274 2565 381 2614 silio
416 2567 479 2615 de
514 2567 737 2616 maximis
771 2569 917 2618 rebus
952 2585 1067 2618 cum
1102 2568 1339 2632 dignitate
1380 2568 1619 2633 explicata
1653 2567 1895 2618 sententia
1909 2586 1924 2629 3

332 2706 351 2731 1
374 2707 398 2732 a
417 2707 498 2733 om.
523 2695 618 2735 Mm
710 2710 736 2746 4
767 2696 1001 2747 explendas
1016 2697 1111 2735 Mm
1205 2699 1231 2737 8
1259 2702 1436 2747 propter
1453 2709 1519 2736 ex.
1543 2701 1614 2736 aut
1633 2708 1714 2736 om.
1740 2695 1794 2734 M
1874 2708 1920 2735 11

275 2752 420 2786 notare
438 2749 549 2799 vulg.
574 2764 583 2788 :
613 2763 699 2789 non
720 2756 810 2790 arte
832 2751 885 2788 M
972 2763 1021 2800 14
1050 2752 1151 2790 item
1172 2751 1268 2790 Mm
1286 2765 1296 2790 τ
1325 2752 1384 2790 ita
1397 2750 1433 2788 L
1454 2763 1542 2790 recc.
1639 2761 1813 2801 possum
1827 2749 1923 2788 Mm

279 2811 327 2848 15
356 2802 579 2850 exquirere
609 2804 662 2841 M
678 2819 687 2843 ε
727 2817 944 2856 exponere
972 2803 1010 2842 L
1040 2818 1126 2845 recc.
1241 2817 1291 2843 21
1323 2806 1567 2845 moderatae
1595 2804 1797 2844 orationis
1824 2815 1923 2852 pro-

276 2856 539 2894 nuntiatione
559 2855 595 2893 L
612 2858 723 2908 vulg.
875 2871 928 2897 22
957 2859 1231 2898 conclusione
1249 2857 1358 2910 vulg.
1384 2858 1462 2911 Lg.
1487 2870 1540 2908 32
1561 2858 1614 2911 (2)
1645 2871 1655 2896 z
1676 2857 1923 2896 confusione

276 2906 353 2945 M:
380 2908 458 2947 alii
470 2910 589 2949 aliter
605 2912 828 2949 turbantur
998 2925 1052 2962 23
1081 2914 1124 2951 in
1151 2913 1207 2951 im
1237 2942 1246 2951 .
1272 2942 1282 2952 .
1306 2941 1317 2952 .
1352 2914 1395 2951 in
1415 2924 1526 2952 susc.
1550 2911 1587 2950 L
1615 2924 1703 2950 recc.
1868 2910 1922 2948 28

274 2967 421 3000 ornata
442 2962 494 3001 M
600 2964 750 3003 debeat
770 2964 806 3002 L
829 2977 917 3004 recc.
1088 2978 1142 3018 29
1170 2967 1369 3016 explicite
1394 2965 1446 3003 M
