2150 3444
122 149 290 205 90367

516 145 586 192 M.
625 145 835 192 TVLLI
873 143 1256 195 CICERONIS
1293 144 1388 192 DE
1424 143 1629 193 ORAT.
1703 145 1757 194 II

308 282 531 329 recuses!
602 283 665 330 Et
689 281 894 331 Catulus
920 283 933 306 ‘
950 280 1087 343 quid,
1106 281 1242 343 quod
1266 278 1458 341 dixisti:
1490 278 1650 343 inquit
1675 282 1688 306 ‘
1703 281 1892 340 Crasse,
1914 278 1960 330 si

309 358 430 427 [hic]
457 361 606 411 hodie
629 363 762 425 apud
789 370 837 411 te
862 378 1185 422 maneremuS,
1214 370 1263 410 te
1290 377 1478 410 morem
1501 361 1647 410 nobis
1671 377 1778 411 esse
1801 369 1960 426 gestu-

305 457 428 502 rum,
455 441 642 490 nihilne
675 443 739 491 ad
770 443 920 491 fidem
954 450 1089 490 tuam
1114 450 1257 505 putas
1282 440 1585 505 pertinere?'
1653 443 1786 491 Tum
1811 442 1961 496 Cotta

306 520 470 570 ridens
492 524 716 584 ‘possem
741 521 860 582 tibi‚'
879 521 1038 585 inquit
1066 526 1077 547 ‘
1094 523 1282 582 Crasse,
1310 523 1612 571 concedere:
1648 523 1736 572 sed
1759 521 1872 573 vide
1895 539 1960 572 ne

307 602 428 666 quid
448 603 652 653 Catulus
678 603 892 652 attulerit
917 603 1161 667 religionis
1182 622 1191 652 :
1228 620 1353 667 opus
1377 605 1474 653 hoc
1498 603 1775 654 censorium
1799 611 1888 664 est,
1907 602 1961 654 id
1982 613 2005 655 5

306 691 473 732 autem
510 682 817 733 committere
843 683 981 733 vides
1015 700 1163 747 quam
1197 683 1387 733 homini
1422 683 1646 734 censorio
1670 682 1962 734 conveniat!

310 762 484 827 ‘Agite
524 780 640 813 vero
660 766 670 787 '
712 761 833 829 [ille]
873 763 1033 827 inquit
1077 767 1087 788 ‘
1107 772 1160 812 ut
1199 763 1357 813 vultis.
1431 765 1529 815 Sed
1567 780 1700 814 nunc
1740 763 1961 828 quidem,

307 843 543 907 quoniam
569 852 641 893 est
671 843 722 892 id
751 844 998 908 temporiS‚
1034 845 1333 907 surgendum
1365 860 1546 894 censeo
1577 853 1626 894 et
1658 844 1963 908 requiescen-

307 925 429 973 dum
446 942 460 984 ;
494 932 607 987 post
633 923 903 985 meridiem,
927 924 967 974 si
991 924 1058 973 ita
1081 924 1222 974 vobis
1246 933 1321 973 est
1344 926 1679 985 commodum,
1701 927 1962 990 loquemur

306 1004 510 1068 aliquid,
534 1004 628 1054 nisi
652 1007 775 1054 forte
801 1005 851 1054 in
868 1005 1133 1055 crastinum
1157 1004 1350 1054 differre
1368 1005 1624 1055 mavultis!
1693 1007 1884 1057 Omnes
1907 1021 1961 1056 se
1985 1016 2036 1048 10

306 1087 384 1134 vel
409 1085 572 1134 statim
598 1088 675 1135 vel
712 1086 752 1135 si
787 1086 893 1150 ipse
916 1095 1028 1150 post
1063 1086 1319 1137 meridiem
1356 1087 1536 1148 mallet,
1562 1103 1712 1151 quam
1747 1086 1962 1151 primurn

307 1175 473 1215 tamen
496 1166 666 1216 audire
690 1168 814 1216 velle
837 1166 1076 1217 dixerunt.

363 1294 417 1334 M
433 1315 468 1329 =
490 1295 627 1335 AEH
786 1310 811 1335 2
839 1297 907 1336 hic
928 1309 1011 1337 om.
1035 1295 1088 1335 M
1270 1308 1296 1346 3
1326 1301 1443 1336 tuam
1462 1308 1548 1338 om.
1566 1294 1605 1334 L
1648 1335 1653 1339 ,
1781 1297 1810 1335 6
1836 1308 1963 1347 quam

309 1349 396 1388 AE
413 1354 494 1389 cett.
514 1363 523 1388 :
552 1362 678 1400 quarn
698 1350 754 1389 sit
774 1350 859 1389 HL
984 1350 1144 1390 homini
1165 1355 1288 1401 turpe
1307 1349 1345 1388 L
1366 1351 1476 1402 vulg.
1625 1349 1819 1390 censorio
1848 1349 1962 1391 codd.

310 1404 424 1453 (cum
452 1404 602 1444 lacuna
628 1404 691 1443 xii
714 1405 796 1443 sive
822 1405 894 1444 xiv
923 1405 997 1445 litt.
1026 1403 1140 1456 HA)
1249 1405 1473 1443 conveniat
1492 1417 1537 1443 e:
1565 1416 1622 1443 an
1649 1403 1794 1443 excidit
1818 1409 1962 1456 aptum

309 1457 506 1498 Friedn‘ch
676 1470 727 1498 10
755 1470 822 1498 me
841 1457 884 1497 in
904 1456 941 1496 L
1109 1470 1154 1497 11
1185 1462 1283 1509 post
1303 1458 1521 1498 meridiem
1540 1455 1622 1499 eL:
1658 1463 1754 1509 post
1773 1456 1828 1496 M
