2150 3444
90 148 158 199 25
179 158 255 199 109

185 413 254 461 26

176 498 254 527 110

174 1511 248 1541 111

176 1993 249 2022 112

170 2402 246 2442 1¹3

739 140 809 187 M.
849 140 1058 187 TVLLI
1097 139 1479 189 CICERONIS

280 271 389 338 ipso
413 274 689 325 doctrinam
726 277 915 325 redolet
951 275 1447 339 exercitationemque
1481 286 1640 340 paene
1662 275 1932 341 puerilem:

279 365 385 405 tum
409 366 458 406 et
482 356 533 406 in
557 374 756 407 sensum
790 367 838 407 et
870 357 921 407 in
954 367 1172 407 mentem
1205 358 1380 407 iudicis
1413 358 1591 408 intrare
1622 375 1725 408 non
1753 366 1929 423 potest,

277 445 391 487 ante
432 437 566 487 enim
602 438 986 503 praeterlabitur,
1028 456 1178 503 quam
1217 447 1449 502 percepta
1483 448 1569 488 est.
1640 441 1742 489 Sed
1781 439 1834 488 in
1870 457 1934 490 eo

274 535 465 581 genere,
493 519 543 568 in
580 536 680 583 quo
717 522 861 583 quale
894 519 955 569 sit
991 519 1125 583 quid,
1159 519 1434 583 ambigitur,
1470 519 1656 569 exsistit
1690 519 1839 573 etiam
1873 538 1934 570 ex

276 599 441 663 scripti
476 599 877 664 interpretatione
913 618 1059 665 saepe
1089 600 1357 660 contentio,
1385 600 1436 649 in
1470 617 1570 664 quo
1598 603 1735 651 nulla
1769 610 1934 666 potest

276 696 383 730 esse
406 680 500 730 nisi
525 674 589 731 ex'
607 681 841 745 ambiguo
873 681 1206 732 controversia
1221 700 1235 742 ;
1285 698 1400 730 nam
1430 681 1553 731 illud
1588 681 1765 746 ipsum,
1794 683 1932 747 quod

276 761 510 826 scriptum
542 779 572 811 a
607 762 850 812 sententia
882 763 1140 827 discrepat,
1175 780 1331 827 genus
1367 764 1623 827 quoddam
1659 764 1811 814 habet
1833 780 1933 813 am-

276 842 439 906 bigui,
492 845 627 906 quod
665 852 770 892 tum
806 843 1086 908 explicatur,
1131 861 1245 893 cum
1280 861 1340 894 ea
1373 844 1534 905 verba,
1573 861 1700 908 quae
1735 845 1929 905 desunt,

274 933 500 987 suggesta
535 933 661 984 sunt,
702 924 882 988 quibus
915 924 1096 974 additis
1130 925 1413 976 defenditur
1442 925 1739 976 sententiam
1763 923 1932 990 scripti

274 1004 582 1069 perspicuam
618 1005 767 1055 fuisse
784 1022 798 1067 3
848 1024 908 1055 ex
943 1006 1296 1070 contrariisque
1330 1005 1520 1071 scriptis
1554 1006 1594 1056 si
1623 1006 1744 1071 quid
1778 1005 1933 1057 ambi*

273 1085 413 1149 gitur,
454 1103 557 1135 non
598 1103 783 1135 novum
830 1103 985 1150 genus
1027 1086 1255 1147 nascitur,
1307 1089 1395 1137 sed
1434 1087 1695 1151 superioris
1740 1085 1931 1151 generis

275 1183 423 1216 causa
458 1166 737 1231 duplicatur
754 1186 767 1228 3
826 1167 978 1231 idque
1014 1177 1099 1217 aut
1136 1185 1410 1231 numquam
1449 1167 1707 1217 diiudicari
1753 1167 1949 1232 poterit,

274 1257 359 1297 aut
404 1248 473 1298 ita
518 1247 880 1309 diiudicabitur,
931 1258 987 1298 ut
1034 1249 1313 1299 referendis>
1351 1249 1620 1313 praeteritis
1672 1248 1834 1298 verbis
1878 1247 1932 1299 id

276 1328 522 1393 scriptum,
552 1329 906 1393 quodcumque
940 1331 1279 1390 defendemus,
1318 1331 1600 1393 suppleatur
1617 1348 1630 1391 3
1679 1329 1748 1378 ita
1782 1331 1851 1390 fit,
1877 1339 1933 1379 ut

275 1427 430 1459 unum
454 1428 608 1474 genus
624 1408 675 1459 in
700 1410 769 1459 eis
789 1410 962 1472 causis,
985 1427 1112 1474 quae
1131 1420 1330 1475 propter
1348 1410 1583 1475 scriptum
1598 1410 1927 1475 ambiguntur,

274 1492 585 1555 relinquatur,
614 1491 654 1540 si
680 1500 752 1542 est
778 1492 1012 1556 scriptum
1038 1491 1226 1556 aliquid
1251 1491 1493 1556 ambigue.
1568 1491 1930 1556 Ambiguorum

273 1582 438 1623 autern
464 1589 578 1622 cum
602 1575 742 1636 plura
764 1590 942 1636 genera
976 1582 1103 1634 sunt,
1133 1590 1260 1637 quae
1286 1572 1408 1621 mihi
1432 1573 1661 1623 videntur
1685 1572 1730 1622 ei
1755 1571 1930 1622 melius

273 1671 431 1714 nosse,
471 1653 555 1718 qui
592 1653 836 1704 dialectici
865 1656 1187 1718 appellantur,
1215 1653 1268 1703 hi
1298 1663 1464 1704 autem
1501 1653 1655 1703 nostri
1691 1653 1930 1718 ignor-are,

273 1735 358 1799 qui
382 1752 484 1785 non
500 1735 662 1784 minus
686 1752 833 1784 nosse
857 1737 1085 1795 debeant,
1105 1744 1210 1784 tum
1235 1735 1357 1785 illud
1381 1744 1455 1785 est
1479 1734 1929 1798 frequentissimum

273 1814 325 1865 in
350 1815 487 1866 omni
511 1815 872 1866 consuetudine
907 1818 985 1865 vel
1015 1816 1255 1866 sermonis
1288 1818 1365 1865 vel
1396 1815 1576 1880 scripti,
1603 1833 1717 1865 cum
1742 1815 1928 1866 idcirco

273 1896 460 1960 aliquid
483 1896 759 1961 ambigitur,
787 1898 925 1960 quod
949 1906 1033 1946 aut
1070 1898 1277 1947 verbum
1309 1905 1394 1946 aut
1423 1897 1572 1946 verba
1601 1895 1929 1961 sint-praeter-

274 1977 432 2027 missa.
509 1980 695 2027 Iterum
730 1987 897 2027 autem
929 1987 1151 2042 peccant,
1180 1994 1295 2027 curn
1330 1994 1485 2042 genus
1521 1979 1618 2027 hoc
1654 1994 1929 2039 causarum,

273 2060 409 2123 quod
444 2058 495 2108 in
531 2059 696 2123 scripti
732 2059 1131 2123 interpretatione
1166 2068 1394 2119 versatur,
1434 2059 1498 2108 ab
1534 2058 1628 2108 illis
1664 2058 1836 2120 causis,
1875 2058 1927 2108 in

272 2140 465 2205 quibus,
493 2141 650 2204 qualis
675 2157 901 2205 quaeque
930 2158 1005 2191 res
1039 2141 1112 2200 sit,
1142 2141 1454 2205 disceptatur,
1485 2140 1781 2205 seiungunt,
1815 2157 1928 2189 nus-

272 2239 421 2287 quam
458 2222 590 2272 enim
627 2231 728 2271 tam
758 2222 1016 2287 quaeritur,
1045 2225 1190 2286 quale
1222 2223 1463 2286 sitgenus
1488 2222 1650 2287 ipsum
1683 2221 1752 2272 rei
1776 2238 1926 2286 quarn

271 2305 323 2354 in
352 2305 546 2369 scripto,
582 2307 717 2369 quod
754 2313 914 2355 totum
949 2322 978 2354 a
1013 2305 1127 2354 facti
1163 2304 1494 2355 controversia
1529 2312 1805 2368 separatum
1836 2311 1930 2353 est,

274 2388 351 2436 Ita
387 2386 478 2436 tria
523 2395 638 2436 sunt
684 2386 890 2436 omnino
935 2403 1126 2450 genera,
1168 2403 1295 2450 quae
1333 2385 1384 2434 in
1431 2385 1838 2449 disceptationem
1878 2393 1928 2434 et

270 2467 651 2518 controversiam
687 2469 862 2517 cadere
897 2467 1116 2531 possint:
1169 2466 1290 2530 quid
1322 2468 1407 2516 fiat
1434 2468 1618 2516 factum
1650 2468 1929 2515 futurumve

270 2549 344 2609 sit,
363 2557 447 2598 aut
466 2551 610 2613 quale
629 2548 703 2610 sit,
722 2558 806 2598 aut
821 2566 922 2613 quo
941 2550 1094 2598 modo
1109 2548 1389 2598 nominetur
1398 2566 1412 2610 3
1436 2565 1551 2597 nam
1570 2547 1692 2597 illud
1706 2546 1925 2611 quidem,

272 2633 409 2695 quod
441 2630 645 2695 quidam
671 2630 847 2680 Graeci
879 2630 1167 2694 adiungunt,
1198 2632 1420 2679 ‘rectene
1443 2631 1627 2679 factum
1657 2627 1748 2689 sit‚’
1766 2636 1926 2677 toturn

272 2712 325 2762 in
349 2730 409 2763 eo
434 2722 507 2762 est
535 2714 707 2777 ‘quale
731 2712 823 2762 sit.'
881 2714 981 2762 Sed
1005 2712 1103 2762 iarn
1122 2713 1187 2762 ad
1206 2711 1483 2761 institutum
1508 2719 1718 2761 revertar
1740 2727 1932 2766 meum.¹

328 2835 380 2874 M
399 2855 433 2869 =
454 2834 593 2874 ΑΕΗ
697 2850 722 2875 2
743 2841 830 2875 tum
844 2841 887 2874 et
900 2848 989 2875 rece.
1013 2850 1022 2875 :
1042 2847 1168 2885 quom
1183 2839 1225 2874 et
1236 2834 1351 2875 HA:
1383 2847 1477 2873 cum
1503 2839 1546 2872 et
1564 2831 1606 2871 E
1710 2846 1736 2883 3
1766 2830 1926 2881 praela-

271 2889 384 2929 bitur
413 2889 517 2928 AEl
537 2903 591 2939 32
783 2901 808 2941 5
838 2890 1187 2940 interpretatione
1208 2888 1317 2940 vulg.
1339 2902 1348 2927 :
1372 2888 1654 2927 incertatione
1683 2885 1820 2925 ΑΕΗ
1846 2885 1930 2936 (hic

270 2945 432 2984 incerta
460 2973 470 2983 .
505 2973 514 2983 .
545 2974 554 2983 .
588 2944 723 2997 tione)
921 2957 966 2983 11
1000 2957 1086 2983 non
1107 2956 1263 2982 novum
1283 2943 1456 2985 Hrecc.:
1487 2953 1640 2982 novum
1659 2939 1816 2981 AEm:
1846 2938 1924 2979 sed

270 3012 353 3040 om.
374 2998 505 3038 AEm
675 3012 723 3049 13
752 3004 798 3038 ut
818 2999 872 3038 de
892 2998 946 3037 M
1104 3011 1159 3049 29
1187 2997 1311 3048 quale
1331 2997 1387 3036 sit
1406 3000 1478 3036 aut
1497 3009 1579 3036 om.
1604 2994 1658 3034 M

1955 615 1979 663 5

1957 1024 2006 1055 10

1957 1426 2004 1468 15

1952 1833 2003 1862 20

1950 2239 2002 2282 25
2076 2285 2079 2289 Ι

1949 2639 2001 2680 30
