2150 3444
783 147 878 196 DE
914 146 1256 196 ORATORE
1327 146 1381 194 11
1930 157 1997 219 5⁵
2019 154 2099 199 ηε

249 282 455 350 quidem
479 282 570 334 tibi
593 285 759 334 locum
784 284 940 333 ullum
964 281 1231 346 reliquisti!
1290 283 1390 331 Sed
1414 283 1537 331 haec
1557 283 1737 346 tragica
1760 294 1910 349 atque
1932 262 2015 379 ξπ

239 363 447 425 .ᾱίνὶῐιει;
493 365 653 414 faceta
685 372 853 414 autem
888 371 938 412 et
973 363 1163 412 urbana
1196 361 1575 411 innumerabilia
1610 365 1687 412 vel
1723 381 1781 413 ex
1812 382 1912 414 una

249 444 486 496 contione
521 444 813 495 meministis
830 462 844 506 3
885 460 979 494 nec
1015 442 1149 493 enim
1184 442 1341 492 maior
1378 443 1633 493 contentio
1675 461 1912 508 umquam

248 525 342 576 fuit
376 543 470 575 nec
504 527 638 590 apud
674 527 917 590 populum
953 524 1145 589 gravior
1179 523 1336 574 oratio
1372 540 1523 588 quam
1562 524 1707 574 huius
1743 536 1915 576 contra

201 621 226 664 5
249 609 509 672 conlegam
532 606 584 656 in
609 623 816 657 censura
839 622 998 671 nuper
1030 621 1194 669 neque
1226 606 1394 668 lepore
1427 615 1476 654 et
1507 605 1767 656 festivitate
1799 624 1914 657 con—

249 688 410 739 ditior.
483 690 600 751 Qua
623 705 675 738 re
699 687 801 747 tibi,
829 685 1035 747 Antoni,
1062 695 1328 750 utrumque
1351 686 1604 736 adsentior
1628 696 1677 737 et
1702 691 1911 738 multum

248 769 450 820 facetias
473 768 526 818 in
558 769 776 819 dicendo
807 770 1044 832 prodesse
1076 784 1225 832 saepe
1257 777 1307 817 et
1338 785 1422 818 eas
1453 777 1556 818 arte
1589 771 1726 819 nullo
1760 772 1912 821 modo

247 866 396 914 posse
430 849 587 900 tradi:
634 849 758 900 illud
794 849 998 913 quidem
1034 849 1262 909 admiror,
1292 858 1341 899 te
1377 850 1522 899 nobis
1558 850 1609 899 in
1643 868 1703 901 eo
1734 869 1912 915 genere

247 930 476 982 tribuisse
499 939 693 981 tantum
712 940 762 981 et
785 948 888 981 non
907 930 1053 980 huius
1078 930 1147 981 rei
1171 948 1374 995 quoque
1398 934 1614 996 palmam
1636 931 1710 1000 [ut
1734 943 1913 984 cetera-

175 1028 225 1060 ιο
246 1010 378 1080 rum]
405 1013 586 1064 Crasso
609 1011 877 1063 detulisse!
946 1014 1080 1061 Tum
1105 1012 1354 1062 Antonius
1383 1017 1394 1038 ‘
1411 1030 1502 1077 ego
1528 1030 1643 1063 vero
1677 1013 1745 1063 ita
1776 1014 1913 1064 fecis-
1937 1021 2015 1060 228

245 1095 384 1156 sem,'
406 1095 568 1160 inquit
595 1099 607 1123 ‘
621 1094 716 1145 nisi
734 1094 984 1145 interdurn
1002 1094 1054 1144 in
1074 1096 1171 1144 hoc
1188 1097 1368 1147 Crasso
1386 1096 1591 1160 paulum
1610 1095 1880 1146 inviderem
1897 1115 1912 1158 3

245 1193 363 1225 nam
387 1193 496 1227 esse
519 1175 746 1241 quamvis
769 1177 986 1226 facetum
1008 1185 1160 1240 atque
1193 1178 1377 1225 salsum
1409 1193 1512 1226 non
1544 1175 1690 1225 nimis
1723 1185 1796 1226 est
1823 1194 1911 1241 per

244 1274 300 1307 se
322 1257 487 1322 ipsum
518 1257 845 1308 invidendum
863 1275 878 1319 3
900 1259 1002 1307 sed
1034 1274 1150 1306 cum
1182 1257 1410 1307 omnium
1443 1257 1504 1307 sit
1536 1257 1909 1309 venustissimus

245 1347 296 1389 et
331 1339 702 1401 urbanissimus,
737 1339 964 1390 omnium
1000 1339 1343 1404 gravissimum
1378 1349 1428 1390 et
1463 1339 1824 1391 severissimum
1859 1350 1909 1392 et

170 1435 221 1478 15
245 1437 355 1471 esse
377 1430 427 1471 et
450 1421 619 1483 videri,
646 1423 784 1486 quod
809 1421 888 1472 isti
912 1421 1118 1486 contigit
1150 1421 1250 1482 uni,
1282 1419 1375 1489 [id]
1402 1421 1523 1470 mihi
1547 1421 1626 1471 vix
1650 1424 1908 1473 ferendum

242 1502 532 1554 videbatur!
603 1503 708 1554 Hic
744 1521 860 1554 cum
900 1503 1150 1554 adrisisset
1184 1504 1291 1568 ipse
1327 1505 1547 1565 Crassus,
1588 1508 1675 1554 ‘ac
1712 1506 1910 1565 tamen,'
1935 1521 2014 1564 229

242 1583 405 1649 inquit
435 1585 687 1635 Antonius
727 1590 868 1635 ‘cum
903 1594 1060 1636 artem
1095 1602 1204 1635 esse
1238 1585 1540 1646 facetiarum,
1575 1585 1683 1646 Iuli,
1715 1583 1907 1653 [ullam]

243 1682 461 1730 negareS,
486 1665 722 1731 aperuisti
745 1667 1001 1731 quiddam,
1028 1668 1166 1731 quod
1199 1666 1605 1731 praecipiendum
1635 1666 1909 1717 videretur:

242 1746 415 1797 haberi
450 1746 585 1798 enim
619 1747 784 1798 dixisti
819 1747 1062 1797 rationem
1098 1755 1325 1811 oportere
1360 1746 1637 1808 hominum,
1674 1747 1757 1808 rei,
1790 1756 1910 1797 tem-

167 1842 219 1872 20
239 1827 388 1893 poriS,
414 1845 480 1878 ne
503 1828 627 1893 quid
650 1828 790 1879 iocus
821 1830 886 1879 de
918 1827 1155 1893 gravitate
1187 1829 1506 1892 decerperet3
1541 1829 1678 1892 quod
1703 1827 1908 1891 quidem

238 1906 292 1958 in
326 1907 498 1973 primis
531 1926 563 1959 a
597 1910 778 1961 Crasso
812 1909 1061 1960 observari
1100 1911 1238 1959 solet.
1311 1909 1413 1959 Sed
1448 1910 1546 1958 hoc
1588 1918 1908 1973 praeceptum

238 1989 788 2055 praetermittendarum
820 2000 895 2041 est
926 1990 1229 2051 facetiarum,
1256 2007 1372 2040 cum
1397 1989 1467 2040 eis
1500 1989 1623 2039 nihil
1657 2007 1782 2055 opus
1815 1990 1908 2053 sit;

237 2088 332 2123 nos
359 2081 529 2123 autem
560 2090 663 2138 quo
695 2074 851 2124 modo
882 2082 1091 2134 utamur,
1120 2089 1236 2122 cum
1268 2089 1395 2137 opus
1427 2071 1503 2133 sit,
1529 2071 1824 2136 quaerimus,
1853 2081 1908 2122 ut

237 2153 292 2204 in
323 2154 659 2205 adversarium
694 2164 745 2206 et
780 2154 1006 2216 maxime,
1033 2154 1075 2205 si
1110 2154 1216 2205 eius
1252 2153 1458 2204 stultitia
1492 2153 1672 2219 poterit
1706 2153 1877 2218 agitari
1892 2171 1907 2216 3

162 2248 215 2291 25
238 2235 291 2286 in
322 2245 501 2287 testem
529 2239 750 2298 stultum,
777 2237 1031 2301 cupidum,
1058 2239 1231 2297 levem,
1260 2236 1302 2286 si
1333 2236 1477 2286 facile
1512 2235 1740 2286 homines
1771 2235 1908 2286 audi-

237 2316 334 2367 turi
363 2317 676 2368 videbuntur.
751 2318 975 2369 Omnino
1004 2317 1339 2383 probabiliora
1373 2327 1502 2378 sunt,
1530 2334 1658 2382 quae
1694 2317 1906 2367 lacessiti
1930 2337 2010 2378 230

234 2397 448 2448 dicimus
476 2416 629 2464 quam
666 2416 796 2464 quae
827 2399 1027 2464 priores,
1053 2417 1171 2449 nam
1209 2409 1260 2449 et
1291 2399 1459 2464 ingeni
1491 2399 1712 2449 celeritas
1749 2399 1906 2449 maior

234 2489 324 2541 est,
350 2497 481 2544 quae
502 2489 707 2545 apparet
730 2481 783 2530 in
807 2483 1172 2545 respondendo,
1190 2489 1240 2531 et
1264 2480 1583 2530 humanitatis
1609 2489 1682 2531 est
1706 2497 1904 2545 respon·

235 2560 309 2610 sio
325 2579 340 2622 3
374 2560 602 2611 videmur
625 2562 759 2612 enim
783 2562 995 2626 quieturi
1023 2562 1187 2622 fuisse,
1215 2561 1310 2611 nisi
1343 2579 1564 2612 essemus
1595 2562 1821 2622 lacessiti,
1848 2571 1903 2612 ut

159 2658 214 2699 30
234 2641 286 2692 in
327 2641 434 2707 ipsa
470 2641 565 2692 ista
603 2642 840 2693 contione
879 2643 1003 2693 nihil
1040 2646 1140 2695 fere
1178 2644 1369 2695 dictum
1408 2654 1482 2695 est
1518 2645 1583 2695 ab
1625 2646 1734 2706 hoe,
1762 2646 1900 2710 quod

287 2770 341 2810 M
358 2791 394 2806 =
414 2769 553 2811 ΑΕΗ
679 2785 703 2811 2
733 2773 801 2812 vel
822 2787 878 2812 ex
896 2773 1084 2815 Ellendt:
1115 2779 1189 2813 aut
1208 2787 1262 2813 ex
1282 2772 1354 2815 M:
1386 2788 1441 2813 ex
1460 2775 1496 2814 L
1518 2775 1630 2827 vulg.
1746 2787 1772 2826 3
1801 2788 1900 2815 con-

234 2828 427 2868 tentione
446 2824 520 2866 M:
552 2827 690 2867 maior
709 2829 851 2867 contio
871 2827 942 2869 M:
974 2829 1118 2869 contio
1138 2829 1271 2868 maior
1290 2828 1327 2866 L
1347 2844 1356 2868 :
1391 2830 1607 2869 contentio
1637 2829 1771 2870 maior
1790 2829 1900 2870 codd.

234 2881 328 2922 dett.
470 2895 498 2933 9
544 2887 592 2921 ut
612 2888 850 2923 ceterarum
868 2896 952 2924 om.
979 2881 1031 2921 M
1181 2896 1226 2922 11
1259 2882 1478 2934 paululum
1498 2884 1536 2924 L
1668 2897 1717 2934 13
1748 2897 1841 2924 cum
1862 2885 1900 2924 L

234 2935 348 2989 vulg.
370 2950 380 2975 z
439 2936 525 2976 uod
543 2935 598 2975 M
703 2937 765 2977 sis
784 2937 822 2976 L
842 2937 956 2989 vulg.
1076 2948 1126 2987 15
1154 2938 1196 2977 id
1217 2951 1302 2978 om.
1326 2936 1380 2976 M
1506 2951 1554 2988 17
1583 2939 1784 2989 quoniam
1803 2937 1900 2978 Mm

234 2990 361 3031 ullam
441 3005 451 3033 ε
483 2990 562 3030 Iuli
582 2991 621 3031 L
806 3004 861 3031 20
889 2991 1007 3032 locus
1026 2989 1080 3030 M
1238 3004 1291 3031 22
1318 2993 1740 3044 praetermittendum
1760 2993 1899 3034 codd.:

232 3058 334 3087 corr.
359 3045 419 3087 ed.
444 3046 602 3087 Lotteri
762 3059 814 3097 27
842 3060 970 3098 quam
988 3045 1053 3087 L:
1084 3059 1237 3087 novam
1256 3043 1308 3086 M
