2150 3444
772 142 869 191 DE
907 138 1248 191 ORATORE
1321 141 1375 190 II

225 282 345 346 ·qu'o
366 280 517 331 etiam
553 280 632 331 isti
668 297 760 331 nos
795 279 911 330 iuris
947 278 1160 330 consulti
1195 279 1475 344 impediunt
1511 297 1539 329 a
1571 280 1911 344 discendoque

191 349 194 351 ‚
226 362 520 423 deterrent3
565 361 714 412 video
753 361 887 411 enim
923 361 974 410 in
1008 360 1214 411 Catonis
1250 370 1299 410 et
1334 360 1386 409 in
1421 361 1558 409 Bruti
1588 361 1722 410 libris
1758 362 1913 411 nomi-

237 443 394 496 natim
417 445 519 494 fere
538 442 719 504 referri,
738 442 860 506 quid
883 442 1030 492 alicui
1054 444 1118 492 de
1142 442 1246 492 iure
1270 441 1374 491 viro
1397 451 1482 491 aut
1501 442 1692 493 mulieri
1716 460 1913 507 respon-

237 524 365 577 derit
383 543 399 587 ;
444 526 701 585 cred0,·ut
741 532 1026 589 putaremus
1060 523 1113 571 in
1148 522 1448 584 hominibuS‚
1487 540 1590 573 non
1625 524 1676 573 in
1712 542 1762 574 re
1799 542 1913 574 con-

192 627 216 668 5
236 606 515 658 sultationis
537 614 624 655 aut
648 604 971 655 dubitationis
995 621 1196 654 causam
1220 604 1436 668 aliquam
1461 605 1610 655 fuisse
1632 624 1644 666 3
1679 615 1747 666 ut,
1775 609 1912 670 quod

237 689 467 739 homines
520 687 904 737 innumerabiles
959 696 1137 747 essent,
1188 686 1430 736 debilitati
1480 685 1529 754 [a
1582 687 1686 738 iure
1733 705 1912 752 cogno-

235 768 447 837 scendo]
494 771 802 820 voluntatem
848 767 1076 818 discendi
1118 768 1264 817 simul
1306 786 1421 818 cum
1469 786 1556 833 spe
1597 770 1909 834 perdiscendi

232 851 556 903 abiceremus.
631 851 732 900 Sed
774 851 897 900 haec
940 852 1146 901 Crassus
1187 850 1457 914 aliquando
1498 851 1643 901 nobis
1682 852 1911 916 expediet

236 942 288 984 et
314 920 529 998 exponet
559 932 794 997 discripta
827 931 1128 996 generatim;
1176 941 1250 981 est
1282 932 1429 993 enim,
1458 950 1521 983 ne
1553 935 1677 984 forte
1701 934 1904 993 nescias,

163 1037 217 1068 10
236 1014 342 1066 heri
376 1013 521 1064 nobis
556 1013 637 1064 ille
673 1015 784 1075 hoc,
820 1015 1014 1075 Catule,
1049 1013 1297 1078 pollicitus
1335 1012 1428 1081 [se]
1466 1014 1541 1063 ius
1577 1014 1731 1074 civile,
1771 1017 1908 1079 quod

231 1114 371 1147 nunc
404 1096 640 1149 diffusum
677 1105 726 1146 et
761 1095 1054 1159 dissipatum
1090 1104 1235 1156 esset,
1261 1095 1312 1144 in
1344 1105 1476 1146 certa
1507 1113 1686 1160 genera
1714 1106 1908 1146 coactu-

232 1195 344 1228 rum
369 1186 420 1228 et
441 1178 507 1227 ad
535 1186 690 1227 artem
726 1176 921 1226 facilem
957 1177 1300 1225 redacturum.'
1374 1180 1386 1202 ‘
1402 1179 1467 1225 Et
1491 1176 1694 1240 quidem
1713 1180 1723 1200 '
1749 1177 1908 1242 inquit

236 1260 445 1311 Catulus
474 1260 902 1322 ‘haudquaquam*
922 1257 975 1307 id
1008 1267 1082 1307 est
1114 1257 1312 1307 difficile
1338 1259 1530 1319 Crasso,
1564 1259 1648 1322 qui
1681 1268 1743 1320 et,
1771 1261 1908 1323 quod

232 1340 360 1392 disci
383 1339 546 1405 potuit
570 1341 634 1390 de
658 1340 775 1402 iure,
803 1339 977 1390 didicit
1001 1350 1066 1402 et,
1091 1342 1229 1404 quod
1254 1340 1341 1402 eis,
1365 1340 1451 1405 qui
1475 1358 1590 1390 eum
1614 1342 1907 1403 docuerunt,

163 1442 211 1485 ¹5
234 1422 407 1483 defuit,
433 1422 540 1487 ipse
560 1423 768 1483 adferet,
791 1431 858 1481 ut,
887 1438 1015 1486 quae
1048 1421 1145 1471 sint
1170 1421 1221 1470 in
1245 1421 1362 1483 iure,
1390 1424 1466 1472 vel
1493 1432 1609 1486 apte
1641 1422 1906 1473 discribere

234 1506 313 1555 vel
337 1512 509 1554 ornate
532 1502 789 1565 inlustrare
816 1502 1003 1568 possit.’
1073 1507 1086 1529 ‘
1104 1505 1265 1568 Ergo’
1290 1503 1452 1568 inquit
1481 1503 1602 1553 ‘ista
1620 1506 1630 1527 '
1650 1504 1905 1555 Antonius

227 1587 251 1612 ⁴
267 1593 376 1634 tum
398 1602 430 1635 a
453 1586 632 1636 Crasso
665 1584 927 1645 discemuS‚
954 1601 1070 1634 cum
1106 1602 1159 1634 se
1193 1586 1259 1635 de
1291 1585 1435 1634 turba
1458 1594 1507 1634 et
1531 1602 1560 1634 a
1584 1585 1827 1636 subselliis
1851 1585 1904 1634 in

233 1665 407 1727 otium,
437 1675 493 1716 ut
527 1666 722 1730 cogitat,
761 1665 1040 1730 soliumque
1074 1665 1367 1715 contulerit.'
1441 1670 1452 1692 ‘
1469 1667 1574 1715 Iam
1611 1665 1663 1716 id
1699 1666 1903 1730 quidem

231 1749 410 1811 ‘saepe’
441 1746 602 1811 inquit
627 1749 834 1798 Catulus
866 1750 880 1772 ‘
899 1764 959 1796 ex
994 1763 1055 1796 eo
1091 1746 1283 1805 audivi,
1303 1763 1418 1795 cum
1454 1747 1639 1796 diceret
1675 1746 1769 1797 sibi
1803 1747 1903 1797 iam

163 1847 212 1877 πο
234 1837 423 1878 certum
470 1844 579 1881 esse
618 1845 648 1877 a
685 1827 878 1878 iudiciis
919 1828 1180 1891 causisque
1226 1827 1515 1888 discedere,
1568 1829 1672 1889 sed,
1710 1838 1765 1877 ut
1811 1827 1904 1892 ipsi

225 1910 370 1960 soleo
388 1908 566 1969 dicere,
591 1925 695 1959 non
727 1908 895 1958 licebit
914 1926 928 1969 3
964 1925 1127 1972 neque
1160 1907 1293 1958 enim
1325 1907 1560 1961 auxilium
1586 1925 1730 1958 suum
1755 1925 1904 1973 saepe

222 2006 260 2040 a
294 1990 407 2040 viris
453 1990 599 2041 bonis
645 1992 821 2040 frustra
866 1989 1115 2054 implorari
1169 1988 1381 2053 patietur
1432 2006 1595 2052 neque
1641 1988 1694 2040 id
1740 2006 1903 2054 aequo

226 2073 397 2126 animo
436 2076 559 2125 feret
596 2074 780 2135 civitas,
819 2089 947 2138 quae
983 2073 1023 2122 si
1056 2090 1181 2123 voce
1220 2075 1274 2122 L.
1316 2072 1481 2124 Crassi
1521 2073 1720 2134 carebit,
1764 2090 1903 2124 orna-

223 2165 400 2208 mento
423 2157 644 2222 quodam
669 2172 722 2205 se
747 2154 1007 2220 spoliatam
1039 2154 1263 2219 putabit.’
1337 2158 1349 2180 ‘
1364 2155 1496 2204 Nam
1522 2156 1714 2215 hercle,'
1739 2155 1901 2220 inquit

152 2252 205 2296 25
227 2238 477 2288 Antonius
503 2238 573 2288 ‘si
607 2239 731 2288 haec
762 2254 875 2287 vere
906 2254 936 2286 a
961 2238 1142 2288 Catulo
1177 2236 1311 2287 dicta
1343 2246 1470 2297 sunt,
1499 2236 1588 2286 tibi
1620 2253 1818 2287 mecum
1847 2238 1898 2287 in

222 2321 411 2371 eodem
436 2328 512 2371 est
534 2319 758 2385 pistrinO,
786 2320 976 2379 Crasse,
1007 2318 1307 2380 vivendum,
1343 2327 1392 2367 et
1425 2317 1569 2367 istam
1602 2318 1896 2369 oscitantem

222 2411 277 2452 et
334 2401 687 2452 dormitantem
753 2400 1046 2465 sapientiam
1106 2401 1453 2450 Scaevolarum
1513 2409 1562 2449 et
1620 2409 1894 2450 ceterorum

280 2530 335 2571 M
350 2550 386 2566 =
406 2530 547 2572 ΑΕΗ
683 2543 710 2581 3
739 2533 1041 2583 responderint
1059 2532 1097 2571 L
1118 2533 1230 2584 vulg,
1385 2544 1411 2581 4
1441 2530 1632 2570 consulta
1652 2531 1826 2571 rationis
1845 2529 1899 2569 M

225 2588 255 2627 6
283 2587 371 2628 inn.
394 2587 483 2627 sint
501 2583 556 2626 M
696 2599 723 2626 a
743 2587 835 2626 iure
854 2586 964 2626 codd.
984 2601 994 2626 ε
1024 2587 1067 2626 in
1090 2588 1181 2626 iure
1199 2585 1355 2626 Schatz
1376 2601 1386 2626 ε
1415 2598 1593 2625 numero
1611 2585 1749 2624 Bake:
1775 2591 1895 2625 tanto

226 2653 405 2682 numero
423 2640 570 2692 Sorosz
609 2653 794 2681 munere
814 2641 992 2694 Stangl:
1036 2642 1165 2680 etiam
1186 2641 1230 2680 in
1252 2653 1298 2680 re
1319 2641 1618 2691 cognoscenda
1637 2639 1863 2679 Hamecker
1884 2655 1893 2680 :

223 2709 251 2736 a
270 2697 362 2737 iure
380 2696 682 2747 cognoscendo
702 2694 883 2735 damnat
896 2695 1063 2735 Ellendt
1189 2709 1217 2745 9
1247 2696 1449 2745 discripta
1469 2693 1648 2734 Piderit:
1678 2695 1893 2744 descripta

222 2749 336 2790 codd.
465 2764 516 2791 10
534 2763 583 2790 se
602 2763 685 2790 om.
710 2748 764 2788 M
897 2760 948 2788 12
977 2756 1021 2790 et
1044 2763 1081 2790 a.
1105 2763 1142 2790 a.
1167 2750 1195 2789 s.
1215 2750 1305 2789 red.
1331 2763 1416 2788 om.
1439 2749 1493 2787 M
1631 2760 1680 2798 15
1700 2754 1801 2798 apte
1815 2747 1890 2788 M:

223 2811 348 2845 acute
378 2805 416 2844 L
438 2820 448 2846 :
467 2810 615 2855 aperte
634 2803 837 2844 Friedrich
926 2804 1158 2844 discribere
1171 2803 1343 2843 Piderit:
1365 2803 1607 2843 describere
1622 2802 1733 2843 codd.
1843 2804 1892 2842 16

223 2859 363 2910 inquit
383 2859 465 2899 ista
483 2858 557 2899 H:
588 2859 672 2898 ista
690 2858 777 2908 inq.
800 2862 882 2898 cett.
1056 2860 1106 2898 18
1136 2864 1182 2898 ut
1211 2859 1370 2908 cogitat
1397 2870 1480 2898 om.
1513 2856 1567 2896 M
1729 2870 1779 2907 19
1806 2858 1889 2896 iarn

223 2918 386 2953 certum
416 2913 644 2954 Friedrich:
694 2914 901 2952 incertum
930 2912 1055 2953 H¹E2
1274 2914 1329 2952 26
1357 2913 1542 2962 pristino
1574 2911 1768 2952 instituto
1793 2910 1888 2950 Mm

227 2969 409 3008 ‘rectam
440 2969 692 3019 scripturam
716 2980 906 3007 meorum
926 2967 1045 3008 solus
1067 2968 1146 3019 Lg.
1172 2968 1223 3016 84
1255 2968 1406 3006 habet’
1427 2965 1591 3006 Ellendt
1764 2978 1815 3015 27
1846 2971 1889 3005 et

223 3022 525 3063 dormitantem
545 3035 627 3062 om.
651 3020 746 3061 Mm

1931 153 1998 204 3³
2019 160 2094 204 ¹⁴2

1934 1192 2007 1234 143

1930 1682 2007 1724 144
