2150 3444
762 144 857 193 DE
893 144 1236 195 ORATORE
1307 146 1390 194 III

241 292 292 335 et
325 282 472 348 copia
505 285 764 348 petebatur
780 303 794 346 3
831 287 896 335 de
930 285 1107 335 virtute
1143 285 1290 345 enim,
1328 288 1393 337 de
1428 285 1608 346 officio,
1644 288 1707 336 de
1742 304 1904 351 aequo

239 373 290 415 et
320 365 471 425 bono,
498 367 562 415 de
587 365 836 429 dignitate,
864 365 1086 427 utilitate,
1114 368 1316 427 honore,
1348 365 1631 430 ignominia,
1668 367 1900 430 praemio,

237 461 402 510 poena
438 445 780 511 similibusque
814 448 879 498 de
913 448 1059 497 rebus
1095 447 1146 496 in
1183 456 1442 511 utramque
1477 456 1666 511 partem
1703 448 1903 499 dicendi

237 527 387 578 etiam
406 544 498 578 nos
517 536 566 578 et
580 528 681 578 vim
697 537 746 578 et
760 537 915 578 artem
933 529 1116 579 habere
1134 529 1390 579 debemus.
1464 530 1564 578 Sed
1581 529 1817 593 quoniam
1839 531 1902 580 de

188 625 212 666 5
235 619 403 661 nostra
425 610 738 675 possessione
761 609 955 674 depulsi
979 610 1031 658 in
1056 627 1206 674 parvo
1239 619 1288 660 et
1323 627 1384 661 eo
1414 610 1625 675 litigioso
1650 611 1904 675 praediolo

234 691 390 742 relicti
413 709 583 742 sumus
617 701 667 742 et
695 691 902 741 aliorum
934 691 1128 755 patroni
1157 700 1334 741 nostra
1352 700 1519 742 tenere
1548 693 1772 757 tuerique
1801 711 1904 744 non

233 773 500 839 potuimuS,
527 775 592 824 ab
624 773 708 834 eis,
741 775 878 838 quod
914 773 1312 839 indignissimum
1349 783 1436 835 est,
1472 775 1557 838 qui
1594 775 1644 823 in
1678 784 1902 825 nostrum

232 854 585 920 patrimonium
609 854 910 919 inruperunt,
939 857 1076 919 quod
1101 872 1227 920 opus
1252 864 1326 906 est
1350 855 1495 906 nobis
1521 865 1816 906 mutuemur.

254 940 257 941 ⁷
302 936 491 987 Dicunt
522 936 668 1001 igitur
704 954 839 986 nunc
877 937 1082 1001 quidem
1120 937 1203 998 illi,
1248 938 1334 1002 qui
1375 955 1435 987 ex
1476 938 1713 1002 particula
1754 956 1902 1002 parva

161 1032 211 1063 ιο
232 1016 367 1067 urbis
414 1035 473 1068 ac
518 1018 616 1068 loci
663 1035 848 1068 nomen
903 1019 1090 1068 habent
1150 1028 1199 1069 et
1258 1019 1570 1084 Peripatetici
1618 1019 1901 1084 philosophi

231 1107 317 1149 aut
354 1099 644 1150 Academici
685 1099 1016 1161 nominantur,
1059 1099 1178 1150 olim
1224 1109 1391 1150 autem
1430 1109 1629 1165 propter
1670 1101 1899 1151 eximiam

231 1197 394 1231 rerum
455 1179 779 1230 maximarum
844 1180 1101 1231 scientiam
1166 1199 1195 1231 a
1250 1181 1451 1231 Graecis
1511 1182 1698 1246 politici
1746 1182 1901 1246 philo-

231 1261 377 1326 sophi
412 1261 643 1327 appellati
678 1261 1014 1312 universarum
1046 1279 1207 1312 rerum
1241 1263 1550 1327 publicarum
1582 1263 1786 1314 nomine
1821 1281 1902 1314 vo-

232 1343 484 1404 cabantur,
523 1350 725 1394 omnem
775 1343 970 1394 civilem
1020 1344 1295 1395 orationem
1344 1345 1395 1394 in
1448 1347 1626 1395 horum
1667 1348 1901 1396 alterutro

159 1428 215 1479 15'
230 1438 412 1487 genere
434 1426 644 1475 versari:
677 1432 763 1474 aut
786 1425 851 1475 de
881 1424 1019 1474 finita
1051 1425 1383 1475 controversia
1415 1426 1559 1476 certis
1593 1427 1900 1490 temporibus

230 1519 291 1553 ac
314 1503 407 1554 reis
421 1521 437 1566 3
473 1505 571 1554 hoc
595 1507 777 1557 modo:
813 1508 1069 1571 placeatne
1094 1524 1123 1556 a
1150 1507 1648 1571 Karthaginiensibus
1678 1508 1899 1572 captivos

231 1593 426 1635 nostros
466 1585 670 1636 redditis
712 1586 812 1636 suis
853 1588 1164 1652 recuperari?
1215 1597 1301 1638 aut
1342 1589 1533 1638 infinite
1568 1591 1632 1639 de
1669 1589 1897 1639 universo

229 1681 409 1728 genere
432 1666 743 1730 quaerentis:
778 1667 900 1731 quid
932 1667 1141 1718 omnino
1171 1671 1236 1719 de
1265 1669 1461 1733 captivo
1491 1672 1807 1720 statuendum
1837 1688 1896 1720 ac

229 1744 547 1796 sentiendum
571 1746 674 1797 sit?
729 1750 895 1813 Atque
919 1751 1097 1799 horum
1123 1750 1345 1815 superius
1370 1749 1492 1800 illud
1516 1767 1670 1814 genus
1695 1768 1895 1801 causam

156 1841 209 1874 20
228 1835 315 1876 aut
339 1827 722 1878 controversiam
745 1831 997 1893 appellant
1021 1847 1232 1895 eamque
1257 1830 1426 1891 tribuS,
1448 1831 1532 1880 lite
1556 1840 1641 1880 aut
1660 1831 1897 1881 delibera-

229 1906 365 1958 tione
387 1917 473 1957 aut
495 1908 792 1970 laudatione,
821 1910 1095 1972 definiunt3
1131 1913 1255 1961 haec
1287 1921 1455 1962 autem
1486 1914 1640 1962 altera
1670 1912 1894 1976 quaestio

226 1987 421 2038 infinita
459 1998 510 2039 et
549 1990 690 2054 quasi
730 1991 982 2055 proposita
1019 1992 1316 2043 consultatio
1357 1993 1653 2043 nominatur.
1727 1996 1894 2058 Atque

229 2067 490 2137 [hactenus
532 2070 817 2139 loquantur]
860 2071 1009 2122 etiam
1057 2075 1151 2123 hac
1198 2075 1251 2123 z'n
1298 2073 1605 2124 instituendo
1651 2073 1895 2124 divisione

226 2160 444 2213 utuntur,
472 2154 561 2202 sed
593 2152 673 2213 ita,
701 2170 804 2203 non
839 2163 893 2204 ut
929 2154 1032 2205 iure
1067 2164 1152 2204 aut
1187 2155 1386 2215 iudicio,
1426 2155 1473 2204 vi
1509 2156 1727 2220 denique
1762 2174 1898 2206 recu-

153 2251 202 2295 ²5
225 2249 397 2298 perare
434 2233 667 2283 amissam
705 2235 1083 2298 possessionem,
1122 2238 1210 2286 sed
1249 2245 1303 2285 ut
1343 2234 1466 2303 [iure
1505 2235 1655 2304 civili]
1699 2239 1895 2288 surculo

225 2311 552 2378 defringendo
576 2331 810 2380 usurpare
833 2316 1104 2366 videantur.
1179 2319 1311 2366 Nam
1336 2316 1458 2368 illud
1482 2319 1690 2367 alterum
1722 2336 1891 2383 genuS‚

225 2397 366 2460 quod
395 2404 471 2446 est
496 2396 815 2461 temporibuS‚
850 2397 986 2458 lociS,
1024 2398 1117 2447 reis
1150 2398 1429 2459 definitum,
1466 2397 1707 2459 obtinent,
1745 2399 1895 2465 atque

226 2475 279 2528 id
324 2476 489 2543 ipsum
535 2478 917 2529 lacinia—nunc
964 2479 1098 2529 enim
1145 2482 1280 2544 apud
1322 2480 1599 2541 Philonem,
1645 2497 1795 2545 quem
1842 2482 1894 2532 in

225 2559 500 2610 Academia
520 2557 772 2628 [maxime]
789 2561 952 2626 vigere
970 2561 1134 2622 audio,
1154 2561 1303 2611 etiam
1323 2563 1497 2618 harum
1517 2561 1616 2612 iam
1635 2580 1893 2614 causarum

280 2696 307 2734 3
337 2683 505 2724 dicendi
545 2684 675 2724 etiam
716 2696 795 2725 nos
836 2683 989 2735 Sorof:
1037 2686 1077 2726 d.
1116 2686 1280 2726 animos
1324 2685 1468 2726 codd.:
1516 2686 1556 2727 d.
1582 2686 1754 2737 copiose
1777 2686 1892 2727 Koch

224 2749 254 2788 9
281 2738 342 2777 illi
378 2738 453 2788 qui
491 2751 603 2778 nunc
641 2739 812 2790 quidem
851 2739 1034 2779 Schatz:
1080 2740 1252 2790 quidem
1294 2740 1353 2779 illi
1393 2741 1467 2780 del.
1507 2740 1674 2780 Ellendt
1842 2753 1892 2791 15

226 2791 427 2833 definitae
447 2795 764 2834 controversiae
784 2793 932 2834 Pearce
1076 2795 1125 2834 18
1154 2795 1411 2844 quaerentis,
1437 2801 1482 2834 ut
1513 2796 1716 2835 Matthias
1839 2809 1892 2846 23

225 2846 435 2888 hactenus
473 2848 701 2898 loquantur
737 2849 823 2889 secl.
874 2850 1038 2900 Kayser
1084 2848 1208 2900 (illud
1250 2850 1461 2901 Ellendt):
1509 2850 1742 2900 loquuntur
1779 2850 1889 2902 vulg.

226 2901 269 2941 in
308 2901 471 2942 addidit
503 2902 671 2943 Ernesti
885 2916 938 2953 24
989 2903 1098 2943 Cum
1136 2905 1263 2944 verbis
1301 2917 1388 2943 non
1428 2910 1473 2943 ut
1511 2904 1603 2944 iure
1643 2904 1812 2945 redeunt
1842 2905 1896 2944 M

225 2953 279 2995 M
296 2976 332 2991 =
352 2956 495 2996 AEH
626 2958 666 2998 vi
687 2958 873 3009 denique
894 2956 1144 2998 Manutius:
1174 2965 1220 2998 ut
1251 2958 1437 3010 denique
1469 2958 1584 2999 codd.
1714 2970 1767 3010 25
1795 2958 1889 2999 iure

225 3010 335 3052 civili
355 3012 439 3052 secl.
464 3010 629 3052 Ellendt
807 3025 861 3064 29
889 3013 1069 3054 maxime
1089 3025 1174 3054 om.
1200 3012 1254 3052 M

280 3079 358 3108 erc.
383 3079 440 3108 m:
460 3079 588 3109 onAr.
1730 3069 1780 3109 14

1930 157 1995 210 27
2018 166 2092 209 107

1932 535 2008 575 108

1926 897 1991 944 28

1930 985 2005 1026 109

1920 2012 1995 2042 110
