2150 3444
80 159 142 211 57
166 168 243 210 245

161 1587 237 1631 247

155 2309 231 2360 248

729 147 799 194 M.
839 141 1048 194 TVLLI
1087 144 1468 195 CICERONIS

267 286 386 337 isses
432 295 547 336 ante
587 287 789 347 oculos,-
846 287 1131 350 complexus
1178 294 1306 335 esset
1351 286 1506 335 filium
1544 287 1766 352 flensque
1806 304 1921 338 eum

265 376 467 417 centum
491 367 603 417 viris
628 367 1024 417 commendasset
1041 384 1055 427 3
1089 365 1277 430 lapides
1303 383 1383 416 me
1406 367 1605 417 hercule
1629 366 1790 417 omnis
1805 369 1921 417 flere

266 465 326 498 ac
366 448 620 498 lamentari
658 447 915 511 coegisseS‚
956 456 1010 496 ut
1056 455 1216 497 totum
1258 446 1380 497 illud
1419 462 1502 496 VT1
1554 462 1747 498 L1NGvA
1794 464 1921 498 NVN-

266 543 508 579 CVPASSIT
542 545 645 578 non
681 528 731 577 in
767 543 843 576 ΧΠ
870 527 1063 587 tabulis,
1090 544 1212 591 quas
1248 536 1301 576 tu
1337 527 1567 578 omnibus
1608 528 1920 580 bibliothecis

264 610 538 674 anteponiS,
567 611 655 659 sed
679 609 729 658 in
754 608 968 672 magistri
994 609 1209 658 carmine
1235 608 1470 672 scriptum
1493 609 1749 660 videretur.
1945 629 1968 669 5

165 662 244 792 ἐξ
334 693 464 740 Nam
507 692 643 754 quod
684 690 905 739 inertiam
952 706 1153 739 accusas
1199 690 1604 751 adulescentium,
1647 690 1733 755 qui
1778 690 1922 741 istam

264 780 419 821 artem
456 771 670 835 primum
712 770 994 820 facillimam
1032 787 1134 820 non
1181 770 1415 831 ediscant,
1457 769 1625 839 [quae]
1664 788 1813 836 quam
1860 771 1922 823 sit

265 852 432 913 facilis,
451 851 517 900 illi
536 851 759 911 viderint,
781 851 866 915 qui
890 851 994 900 eius
1017 851 1131 900 artis
1155 851 1453 914 adrogantia,
1473 852 1612 916 quasi
1636 852 1921 903 difficillima

265 932 339 992 sit,
366 932 434 982 ita
457 931 652 982 subnixi
688 931 958 991 ambulant,
985 931 1167 980 deinde
1204 931 1352 980 etiam
1390 939 1443 981 tu
1480 931 1586 995 ipse
1616 932 1807 992 videris,
1834 932 1919 996 qui

264 1032 373 1064 eam
411 1023 565 1064 artem
603 1013 797 1062 facilem
833 1030 940 1062 esse
973 1012 1109 1073 dicis,
1137 1029 1285 1076 quarn
1318 1013 1550 1063 concedis
1577 1003 1750 1065 adhuc·
1764 1023 1920 1065 artem
1949 1033 1996 1061 ro

264 1095 468 1145 omnino
526 1111 629 1144 non
687 1111 807 1154 esse,
857 1095 946 1143 sed
998 1093 1279 1156 aliquando,
1330 1093 1370 1142 si
1419 1094 1529 1157 quis
1574 1094 1721 1144 aliam
1765 1104 1920 1145 artem

263 1176 502 1236 didicerit,
528 1185 582 1225 ut
607 1177 736 1225 hanc
759 1183 913 1224 artem
939 1175 1129 1224 efficere
1153 1174 1321 1238 possit,
1348 1183 1453 1224 tum
1478 1191 1585 1224 esse
1609 1174 1742 1224 illam
1765 1185 1920 1225 artem

262 1259 473 1307 futuram
493 1275 508 1318 3
543 1256 739 1317 deinde,
767 1257 905 1320 quod
929 1255 989 1305 sit
1026 1257 1174 1320 plena
1205 1255 1545 1306 delectationis
1561 1274 1576 1318 3
1610 1255 1662 1305 in
1694 1273 1794 1321 quo
1829 1256 1920 1306 tibi

261 1337 514 1386 remittunt
538 1354 711 1387 omnes
735 1336 878 1386 istam
896 1338 1199 1399 voluptatem
1224 1345 1272 1386 et
1296 1353 1355 1386 ea
1377 1353 1430 1386 se
1454 1353 1617 1387 carere
1639 1337 1890 1401 patiuntur
1906 1355 1920 1399 3

261 1434 355 1466 nec
389 1417 651 1482 quisquam
687 1426 760 1467 est
798 1433 982 1477 eorum,
1010 1416 1108 1481 qui,
1149 1416 1189 1466 si
1226 1416 1323 1466 iam
1362 1417 1423 1467 sit
1460 1417 1784 1468 ediscendum
1825 1417 1919 1468 sibi
1944 1438 1992 1480 15

260 1497 461 1561 aliquid,
511 1514 613 1547 non
671 1499 919 1547 Teucrum
979 1496 1161 1546 Pacuvi
1219 1497 1356 1546 malit
1413 1515 1562 1562 quam
1621 1497 1919 1548 Manilianas

261 1576 507 1627 venalium
548 1579 923 1628 vendendorum
965 1579 1097 1640 leges
1137 1575 1389 1639 ediscere,
1437 1586 1542 1627 tum
1578 1586 1745 1627 autem
1782 1578 1920 1642 quod

258 1674 425 1708 amore
448 1658 633 1722 patriae
657 1675 828 1708 censes
853 1675 944 1707 nos
969 1666 1247 1707 nostrorum
1280 1657 1520 1708 maiorum
1549 1658 1747 1708 inventa
1770 1675 1917 1709 nosse

259 1739 454 1799 debere,
481 1756 583 1789 non
607 1740 745 1789 vides
768 1748 955 1788 veteres
991 1741 1122 1802 leges
1157 1748 1242 1788 aut
1274 1739 1403 1803 ipsas
1427 1756 1516 1790 sua
1538 1748 1780 1791 vetustate
1803 1757 1917 1790 con-

260 1819 479 1869 senuisse
502 1829 587 1869 aut
624 1819 764 1869 novis
802 1819 992 1882 legibus
1017 1835 1123 1868 esse
1148 1819 1403 1868 sublatas?
1472 1820 1625 1881 Quod
1648 1836 1764 1869 vero
1787 1820 1916 1870 viros
1941 1839 1992 1869 20

260 1900 419 1950 bonos
451 1899 554 1949 iure
590 1899 718 1948 civili
754 1899 857 1948 fieri
892 1908 1049 1963 putaS,
1077 1898 1193 1962 quia
1216 1898 1406 1962 legibus
1430 1907 1478 1948 et
1501 1899 1718 1962 praemia
1740 1916 1916 1964 propo-

260 1980 350 2030 sita
388 1980 484 2030 sint
524 1979 782 2030 virtutibus
829 1988 877 2028 et
924 1979 1163 2043 supplicia
1208 1979 1350 2040 vitiis,
1399 1979 1631 2043 equidem
1652 2028 1653 2031 ,
1677 1981 1913 2043 putabam

258 2061 484 2110 virtutem
509 2060 808 2120 hominibus,
831 2060 871 2109 si
895 2061 1048 2110 modo
1071 2059 1197 2109 tradi
1220 2060 1408 2110 ratione
1424 2060 1593 2124 possit,
1612 2061 1915 2111 instituendo

257 2150 305 2190 et
328 2142 688 2205 persuadendo,
710 2157 812 2190 non
831 2140 976 2190 minis
1001 2149 1049 2190 et
1072 2139 1121 2189 vi
1142 2157 1202 2190 ac
1225 2149 1361 2190 metu
1384 2141 1521 2190 tradi.
1596 2142 1727 2191 Nam
1751 2141 1913 2205 ipsum

255 2221 458 2285 quidem
494 2222 615 2271 illud
651 2221 798 2271 etiam
834 2221 939 2270 sine
975 2220 1255 2284 cognitione
1290 2221 1419 2281 iuris,
1446 2238 1595 2285 quam
1631 2222 1692 2271 sit
1726 2222 1912 2272 bellum
1937 2244 1986 2286 ²5

257 2318 427 2360 cavere
451 2304 651 2362 malum,
678 2302 801 2352 scire
823 2319 1098 2365 possumus.
1173 2304 1252 2351 De
1276 2319 1356 2351 me
1383 2311 1548 2351 autem
1573 2302 1696 2366 ipso,
1723 2302 1803 2353 cui
1825 2302 1912 2352 uni

255 2391 308 2431 tu
344 2382 590 2443 concedis,
618 2391 672 2432 ut
714 2382 819 2432 sine
854 2384 953 2431 ulla
993 2382 1108 2431 iuris
1150 2382 1353 2431 scientia
1392 2391 1558 2432 tamen
1596 2382 1754 2432 causis
1795 2383 1910 2433 satis

255 2464 414 2512 facere
459 2463 660 2527 possim,
717 2462 807 2512 tibi
864 2464 974 2522 hoc,
1025 2464 1214 2523 Crasse,
1271 2464 1561 2527 respondeo,
1610 2479 1773 2527 neque
1830 2480 1911 2514 me

254 2559 490 2607 umquam
516 2544 590 2593 ius
616 2542 757 2593 civile
781 2543 1012 2594 didicisse
1043 2560 1205 2607 neque
1229 2551 1395 2592 tamen
1419 2543 1470 2592 in
1494 2543 1563 2593 eis
1589 2543 1760 2604 causis,
1787 2560 1910 2608 quas

255 2623 306 2672 in
343 2623 446 2674 iure
477 2641 676 2688 possem
711 2625 990 2684 defendere,
1015 2640 1252 2688 umquam
1276 2623 1419 2673 istam
1443 2623 1697 2674 scientiam
1721 2623 1910 2675 deside·
1930 2647 1984 2688 30

254 2719 385 2755 rasse
405 2723 419 2765 3
453 2705 587 2755 aliud
612 2714 685 2755 est
709 2704 841 2755 enim
865 2721 972 2754 esse
1002 2704 1238 2754 artificem
1268 2704 1524 2755 cuiusdam
1546 2705 1736 2768 generis
1759 2713 1909 2770 atque

306 2844 333 2882 3
363 2831 573 2882 coegisset
593 2832 701 2871 codd.
723 2847 732 2872 ι
773 2845 870 2873 corr.
891 2830 1005 2873 Bake
1101 2838 1391 2883 nuncupasset
1409 2831 1545 2874 codd:
1574 2845 1674 2873 corr.
1689 2832 1909 2873 Manutius

254 2897 276 2936 7
306 2899 414 2936 quae
444 2886 529 2925 secl.
554 2885 718 2926 Ellendt
945 2898 993 2936 13
1024 2887 1066 2925 in
1104 2899 1189 2935 quo
1227 2886 1393 2926 Ernesti
1423 2899 1518 2928 cum
1540 2886 1714 2927 .Gud.²:
1742 2887 1791 2927 ins
1813 2898 1908 2941 qua

253 2940 363 2980 codd.
