2112 3444
83 157 151 192 10
175 161 228 204 43
708 145 779 193 M.
817 145 1026 194 TVLLI
1063 146 1443 196 CICERoms

249 284 559 348 Peripatetici
594 295 759 335 autern
797 285 944 335 etiam
981 288 1104 336 haec
1137 286 1255 350 ipsa,
1281 303 1410 350 quae
1433 286 1628 350 propria
1650 295 1899 338 oratorum

247 373 390 428 putas
426 383 533 415 esse
567 365 853 415 adiumenta
885 375 1033 430 atque
1073 376 1361 416 ornamenta
1399 366 1612 427 dicendi,
1645 383 1676 417 a
1709 383 1764 419 se
1797 366 1899 432 peti

248 445 498 496 vincerent
523 456 760 510 oportere,
786 464 845 496 ac
869 465 970 497 non
999 450 1159 497 solum
1195 447 1409 507 meliora,
1436 449 1525 497 sed
1559 447 1706 498 etiam
1741 450 1903 498 multo

247 529 387 590 plura
426 527 741 577 Aristotelem
776 530 1273 592 Theophrastumque
1311 530 1375 578 de
1413 528 1517 577 istis
1552 529 1711 589 rebus,
1747 545 1899 593 quam

170 623 225 665 44
248 607 409 657 omnis
455 608 655 657 dicendi
701 608 956 671 magistros
1002 608 1250 671 scripsisse
1297 609 1623 657 ostenderent.
1714 607 1898 659 Missos
1921 621 1946 666 5

246 687 373 738 facio
408 688 796 750 mathematicos,
823 689 1179 753 grammaticos,
1206 689 1435 749 musicos,
1469 705 1679 753 quorum
1713 689 1899 741 artibus

243 778 405 818 vestra
448 769 540 819 ista
580 769 779 819 dicendi
818 769 891 819 vis
929 786 992 818 ne
1029 769 1232 818 minima
1272 769 1474 833 quidem
1515 768 1748 819 societate
1784 787 1900 820 con·

243 847 469 913 iungitur.
526 850 692 912 Quam
716 850 784 899 ob
806 866 909 899 rem
933 849 1025 899 ista
1048 859 1184 899 tanta
1206 859 1406 914 tamque
1430 852 1584 899 multa
1606 851 1895 914 profitenda,

245 931 434 990 Crasse,
477 947 580 980 non
627 947 807 980 censeo
824 949 839 991 ,·
897 930 1012 980 satis
1059 930 1111 980 id
1157 940 1230 980 est
1276 947 1524 994 magnum,
1574 932 1711 994 quod
1755 939 1898 995 potes

242 1019 499 1074 praestare,
543 1019 598 1059 ut
638 1010 688 1059 in
730 1011 922 1061 iudiciis
963 1028 1023 1060 ea
1062 1027 1222 1071 causa,
1265 1027 1631 1075 quamcumque
1667 1020 1721 1061 tu
1755 1011 1894 1073 dicis,
1921 1028 1972 1057 10

242 1091 416 1140 melior
439 1101 487 1140 et
515 1090 815 1154 probabilior
846 1108 953 1141 esse
975 1091 1209 1152 videatur,
1236 1101 1290 1141 ut
1324 1091 1375 1141 in
1411 1091 1726 1142 contionibus
1761 1100 1810 1142 et
1844 1092 1897 1143 in

243 1171 497 1221 sententiis
533 1171 756 1221 dicendis
792 1173 857 1222 ad
891 1173 1289 1235 persuadendum
1327 1180 1412 1221 tua
1445 1171 1711 1235 plurimum
1737 1174 1897 1223 valeat

242 1252 412 1312 orati0,
451 1251 667 1316 denique
707 1261 761 1301 ut
802 1252 1124 1316 prudentibus
1166 1252 1357 1313 diserte,
1398 1251 1556 1302 stultis
1596 1252 1744 1303 etiam
1783 1269 1897 1304 vere

241 1333 437 1383 videare
460 1333 636 1383 dicere.
711 1336 829 1383 Hoc
862 1334 1073 1398 amplius
1108 1334 1149 1383 si
1183 1333 1304 1398 quid
1339 1333 1535 1398 poteris,
1561 1351 1664 1384 non
1687 1333 1740 1385 id
1775 1333 1896 1384 mihi

240 1413 485 1463 videbitur
530 1423 704 1474 orator,
754 1416 843 1464 sed
890 1415 1094 1464 Crassus
1141 1432 1229 1463 sua
1274 1416 1490 1478 quadam
1536 1413 1744 1478 propria,
1792 1431 1895 1464 non
1921 1432 1968 1473 15

241 1493 495 1544 communi
527 1504 774 1545 oratorum
809 1496 1038 1545 facultate
1072 1498 1247 1559 posse.'
1315 1498 1447 1544 Tum
1483 1495 1565 1544 ille
1591 1499 1720 1546 ‘non
1755 1512 1866 1545 sum
1884 1496 1896 1519 ’

241 1575 400 1640 inquit
438 1580 450 1603 ‘
465 1575 673 1637 nesciuS,
706 1564 953 1637 Scaevola,
988 1576 1079 1626 ista
1114 1576 1239 1625 inter
1274 1578 1490 1626 Graecos
1526 1575 1625 1626 dici
1660 1584 1709 1626 et
1743 1575 1903 1626 disce·

241 1657 365 1722 ptari
384 1659 540 1707 solere
557 1675 571 1718 3
605 1656 771 1707 audivi
790 1656 923 1706 enirn
948 1674 1168 1706 summos
1187 1656 1428 1717 homineS,
1450 1673 1565 1706 cum
1584 1665 1814 1720 quaestor
1836 1673 1896 1706 ex

242 1738 542 1788 Macedonia
577 1737 822 1788 venissem
859 1739 1094 1798 Athenas,
1134 1739 1339 1787 florente
1376 1737 1741 1798 Academia-ut
1777 1745 1899 1786 tem-

239 1819 441 1884 poribus
478 1818 571 1868 illis
596 1819 852 1878 ferebatur,
879 1835 994 1868 cum
1018 1835 1127 1868 eam
1153 1819 1457 1868 Charmadas
1481 1827 1530 1867 et
1555 1817 1895 1869 Clitomachus
1919 1839 1970 1868 20

239 1909 289 1950 et
313 1899 584 1950 Aeschines
617 1899 908 1949 obtinebant
928 1917 942 1960 ;
977 1908 1077 1948 erat
1109 1898 1255 1948 etiam
1295 1899 1624 1958 MetrodoruS,
1657 1897 1745 1961 qui
1778 1915 1894 1948 cum

239 1980 332 2030 illis
390 1998 490 2030 una
546 1980 707 2044 ipsum
764 1979 903 2028 illum
962 1981 1269 2030 Carneadem
1324 1978 1604 2042 diligentius
1657 1978 1892 2039 audierat,

239 2061 494 2112 hominem
542 2060 766 2111 omnium
802 2060 853 2109 in
891 2060 1118 2120 dicendo,
1157 2068 1210 2109 ut
1245 2060 1480 2119 ferebant,
1518 2059 1808 2109 acerrimum
1844 2067 1895 2109 et

173 1463 219 1497 11

164 1537 217 1577 45

240 2141 635 2207 copiosissimum
656 2160 670 2204 3
743 2142 1035 2205 vigebatque
1093 2141 1287 2192 auditor
1356 2141 1558 2191 Panaeti
1627 2140 1756 2190 illius
1821 2138 1894 2189 tui

162 2229 220 2283 46
243 2225 566 2272 Mnesarchus
591 2231 639 2272 et
672 2221 980 2286 Peripatetici
1012 2221 1214 2273 Critolai
1251 2221 1533 2283 Diodorus;
1580 2220 1722 2272 multi
1757 2227 1894 2270 erant
1918 2237 1966 2279 25

239 2313 488 2369 praeterea
518 2303 633 2352 clari
665 2303 715 2352 in
747 2302 1060 2367 philosophia
1089 2314 1138 2354 et
1162 2305 1367 2366 nobileS‚
1393 2323 1424 2355 a
1446 2305 1626 2369 quibus
1661 2301 1894 2356 omnibus

165 2383 167 2385 ’
238 2403 338 2435 una
371 2402 528 2449 paene
551 2401 674 2434 voce
709 2384 875 2448 repelli
911 2395 1152 2435 oratorem
1185 2404 1215 2436 a
1241 2387 1583 2451 gubernaculis
1625 2384 1891 2445 civitatum,

238 2466 431 2516 excludi
466 2467 530 2515 ab
570 2465 707 2515 omni
748 2465 972 2515 doctrina
1009 2485 1268 2532 rerumque
1308 2468 1549 2518 maiorum
1592 2465 1796 2516 scientia
1833 2481 1894 2514 ac

238 2557 429 2597 tantum
476 2547 526 2596 in
581 2546 762 2600 iudicia
815 2558 863 2597 et
910 2550 1248 2601 contiunculas
1294 2559 1547 2614 tamquam
1594 2548 1645 2597 in
1690 2546 1894 2610 aliquod

166 2646 218 2691 47
239 2627 495 2691 pistrinum
521 2627 715 2677 detrudi
740 2638 788 2679 et
813 2630 1061 2695 compingi
1088 2631 1319 2681 videbam
1336 2618 1474 2692 3’sed
1497 2646 1590 2693 ego
1613 2644 1776 2692 neque
1798 2625 1892 2675 illis
1913 2638 1968 2678 30

178 2721 180 2724 ’
238 2708 548 2758 adsentiebar
579 2727 741 2773 neque
776 2714 949 2762 harum
990 2712 1379 2776 disputationum
1417 2708 1659 2760 inventori
1690 2717 1739 2758 et
1766 2705 1894 2771 prin-

238 2787 336 2851 cipi
359 2790 503 2852 longe
528 2791 751 2841 omnium
776 2793 826 2841 in
852 2793 1066 2843 dicendo
1090 2792 1374 2856 gravissimo
1399 2800 1448 2841 et
1471 2787 1888 2854 eloquentissimo,

239 2870 446 2931 Platoni,
474 2871 612 2922 cuius
637 2883 742 2922 tum
775 2873 984 2923 Athenis
1017 2890 1131 2922 cum
1165 2872 1446 2922 Charmada
1481 2867 1762 2932 diligentius
1796 2865 1892 2930 legi

293 3002 347 3043 M
355 3022 390 3037 =
405 3002 496 3042 HE
656 3016 680 3042 2
710 3008 835 3053 putas
854 3015 949 3042 esse
964 3015 1007 3041 m
1025 3016 1034 3042 ε
1065 3007 1260 3053 putasses
1279 2999 1334 3039 M
1519 3011 1574 3039 20
1593 2996 1865 3038 ferebaturm
1877 3005 1896 3038 ὲ

238 3058 430 3099 ferebant
445 3057 481 3096 L
501 3072 510 3098 ε
538 3057 697 3098 ferebat
712 3056 765 3096 M
