2150 3444
734 140 829 189 DE
866 139 1207 190 ORATORE
1278 142 1302 191 1
1884 150 1949 212 53
1971 161 2050 214 2⁴8

188 279 320 342 artis,
344 279 482 331 aliud
512 279 564 330 in
599 281 853 332 communi
876 281 975 331 vita
1007 291 1055 332 et
1083 282 1267 346 vulgari
1302 283 1562 335 hominum
1599 298 1857 338 consuetu-

189 361 308 413 dine
344 378 439 413 nec
475 363 707 414 hebetem
742 380 837 414 nec
870 365 1056 414 rudem.
1131 364 1227 415 Cui
1262 373 1485 415 nostrum
1523 366 1637 416 licet
1674 370 1855 419 fundos
1886 386 1965 429 249

188 451 384 494 nostros
408 443 547 495 obire
569 454 654 496 aut
689 462 765 496 res
800 445 1004 496 rusticas
1039 446 1117 495 vel
1148 446 1334 496 fructus
1366 463 1515 496 causa
1545 450 1623 497 vel
1647 450 1856 499 delecta-

189 523 338 576 tionis
372 523 580 576 invisere
598 528 621 575 Ρ
688 528 881 576 Tamen
921 543 1072 577 nemo
1112 535 1214 576 tam
1256 527 1362 577 sine
1397 528 1567 589 oculiS,
1611 539 1711 578 tam
1752 530 1858 581 sine

143 627 168 669 5
189 616 357 664 mente
379 607 511 668 vivit,
538 616 593 658 ut
630 607 751 673 quid
788 608 850 658 sit
887 608 1120 658 sementis
1158 626 1218 658 ac
1255 609 1443 670 messiS‚
1471 609 1592 674 quid
1622 611 1854 661 arborum

0 742 10 762 s
188 688 381 755 putatio
403 706 464 739 ac
486 689 673 750 vitium,
700 706 802 754 quo
826 698 1049 753 tempore
1071 689 1189 739 anni
1220 699 1306 740 aut
1338 707 1439 755 quo
1475 692 1629 741 modo
1654 708 1712 741 ea
1735 693 1856 742 fiant

0 774 13 831 ξ
189 770 396 823 omnino
419 770 619 821 nesciat.
692 772 829 821 Num
854 770 997 835 igitur
1021 771 1062 821 si
1086 771 1171 835 qui
1195 773 1378 822 fundus
1410 771 1747 836 inspiciendus
1770 782 1856 823 aut

8 843 18 850 „
188 851 231 902 si
276 853 618 902 mandandum
663 851 851 916 aliquid
896 853 1200 916 procuratori
1247 855 1311 903 de
1367 853 1469 918 agri
1527 856 1716 903 cultura
1769 863 1855 904 aut

187 932 533 998 imperandum
567 933 714 984 vilico
748 942 835 994 est,
864 934 1096 998 Magonis
1134 934 1559 999 Karthaginiensis
1595 945 1709 985 sunt
1743 935 1854 985 libri

116 1036 168 1070 ιο
186 1014 538 1081 perdiscendi?
580 1032 646 1065 an
686 1017 780 1064 hac
818 1015 1073 1065 communi
1114 1016 1447 1080 intellegentia
1484 1016 1705 1067 contenti
1746 1034 1854 1067 esse

186 1098 488 1162 possumus?
557 1097 660 1148 Cur
693 1112 809 1160 ergo
844 1113 947 1146 non
983 1097 1147 1147 eidem
1183 1096 1233 1146 in
1267 1097 1370 1147 iure
1399 1094 1541 1158 civili,
1568 1098 1853 1161 praesertim

187 1194 303 1227 cum
339 1177 391 1227 in
427 1176 588 1228 causis
622 1186 671 1227 et
711 1177 762 1226 in
800 1178 1010 1241 negotiis
1051 1187 1100 1227 et
1138 1177 1188 1227 in
1226 1179 1334 1228 foro
1372 1188 1695 1239 conteramur,
1737 1179 1853 1229 satis

185 1257 410 1309 instructi
446 1275 555 1308 esse
594 1267 864 1322 possumus
903 1260 969 1308 ad
1016 1260 1113 1308 hoc
1159 1261 1428 1320 dumtaxat,
1478 1277 1541 1310 ne
1588 1260 1638 1309 in
1686 1269 1853 1310 nostra

184 1339 341 1404 patria
374 1339 615 1403 peregrini
650 1348 800 1403 atque
833 1341 1055 1390 advenae
1090 1357 1198 1390 esse
1229 1340 1520 1391 videamur?
1588 1344 1665 1391 Ac
1689 1341 1729 1391 si
1753 1341 1852 1390 iam
1880 1355 1959 1396 250

114 1435 162 1480 15
186 1419 248 1470 sit
272 1437 421 1471 causa
442 1420 608 1485 aliqua
630 1422 697 1471 ad
728 1438 820 1470 nos
853 1422 1016 1471 delata
1047 1421 1316 1482 obscurior,
1343 1421 1555 1482 difficile,
1582 1424 1746 1483 cred0,
1773 1422 1850 1482 sit,

185 1503 301 1551 cum
335 1503 434 1552 hoc
474 1503 710 1552 Scaevola
744 1502 1141 1564 communicare;
1193 1520 1496 1567 quamquam
1533 1502 1627 1566 ipsi
1668 1503 1850 1563 omnia,

184 1600 397 1648 quorum
420 1583 674 1647 negotium
698 1592 786 1644 est,
813 1585 1038 1634 consulta
1061 1586 1126 1634 ad
1150 1601 1242 1634 nos
1267 1593 1316 1634 et
1345 1584 1584 1648 exquisita
1607 1585 1848 1634 deferunt.

185 1666 267 1714 An
290 1681 421 1725 ver0‚
448 1664 489 1714 si
513 1665 577 1715 de
601 1681 652 1714 re
676 1665 796 1728 ipsa,
824 1664 864 1714 si
888 1666 952 1714 de
976 1664 1171 1726 finibuS,
1199 1682 1314 1714 cum
1339 1665 1390 1714 in
1414 1682 1517 1715 rem
1541 1673 1851 1729 praesentem

186 1742 332 1813 [non]
352 1746 591 1807 venimu5‚
618 1746 660 1796 si
684 1747 748 1796 de
773 1745 952 1795 tabulis
985 1755 1034 1795 et
1056 1746 1494 1810 perscriptionibus
1519 1745 1851 1796 controversia

113 1848 164 1879 πο
183 1835 272 1888 est,
298 1836 548 1878 contortas
572 1845 648 1878 res
673 1837 722 1877 et
753 1843 902 1891 saepe
937 1826 1148 1878 difficilis
1179 1826 1458 1877 necessario
1494 1827 1819 1891 perdiscimus
1837 1845 1851 1888 3

183 1907 225 1959 si
259 1909 392 1974 leges
426 1909 571 1960 nobis
603 1918 688 1959 aut
723 1908 764 1958 si
801 1908 1061 1958 hominum
1097 1908 1366 1972 peritorum
1401 1924 1637 1971 responsa
1672 1925 1852 1972 cogno-

181 1991 368 2041 scenda
408 2000 536 2051 sunt,
570 2007 794 2041 veremur
825 2007 889 2040 ne
921 2007 994 2050 ea,
1038 1989 1079 2040 si
1115 1990 1182 2039 ab
1217 1989 1554 2040 adulescentia
1590 1988 1683 2040 iuri
1719 1988 1849 2039 civili

183 2071 346 2123 minus
370 2073 716 2134 studuerimuS,
743 2089 846 2123 non
870 2088 1112 2136 queamus
1136 2072 1476 2135 cognoscere?

250 2153 455 2204 Nihilne
489 2154 633 2218 igitur
668 2155 870 2218 prodest
893 2153 1074 2204 oratori
1098 2152 1213 2202 iuris
1239 2152 1392 2202 civilis
1418 2151 1660 2203 scientia?
1730 2153 1848 2201 Non
1884 2166 1954 2218 59

111 2254 161 2297 25
183 2250 388 2300 possum
434 2252 612 2300 negare
657 2237 894 2300 prodesse
940 2237 1092 2284 ullam
1139 2233 1410 2294 scientiam,
1455 2233 1500 2282 ei
1546 2232 1846 2297 praesertim,

183 2315 324 2367 cuius
346 2317 630 2382 eloquentia
653 2317 796 2381 copia
819 2334 981 2366 rerum
1004 2317 1185 2366 debeat
1209 2332 1317 2365 esse
1341 2324 1514 2365 ornata
1533 2333 1547 2375 ;
1581 2315 1671 2364 sed
1694 2315 1850 2364 multa

181 2406 233 2447 et
256 2414 436 2462 magna
470 2407 520 2448 et
557 2397 773 2448 difficilia
809 2407 924 2447 sunt
955 2415 1027 2458 ea,
1054 2414 1182 2461 quae
1215 2405 1329 2447 sunt
1353 2395 1533 2446 oratori
1557 2394 1845 2455 necessaria,

183 2487 239 2529 ut
274 2479 380 2529 eius
417 2479 706 2530 industriam
743 2478 794 2528 in
826 2481 966 2543 plura
997 2479 1161 2529 studia
1183 2479 1453 2529 distrahere
1478 2477 1645 2526 nolim.
1720 2476 1847 2539 Quis
1871 2494 1949 2535 251

182 2569 328 2623 neget
351 2577 478 2624 opus
501 2577 609 2610 esse
632 2560 811 2611 oratori
834 2560 885 2609 in
913 2562 1011 2610 hoc
1038 2559 1251 2610 oratorio
1275 2568 1414 2609 motu
1439 2567 1668 2622 statuque
1692 2557 1847 2608 Rosci

107 2660 163 2700 30
180 2651 375 2706 gestum
421 2651 471 2692 et
514 2644 862 2692 venustatem?
930 2645 1124 2692 Tamen
1170 2659 1320 2693 nemo
1366 2641 1571 2692 suaserit
1612 2640 1844 2691 studiosis

181 2723 383 2774 dicendi
405 2723 806 2775 adulescentibus
841 2723 893 2773 in
932 2733 1072 2788 gestu
1113 2724 1354 2775 discendo
1389 2723 1683 2774 histrionum
1707 2739 1846 2773 more

236 2865 263 2893 2
292 2865 380 2893 non
410 2852 607 2894 hebetem
630 2853 696 2893 L:
726 2865 815 2894 non
835 2865 932 2894 esse
960 2853 1001 2893 h.
1024 2852 1223 2893 Fnbdn‘ch
1305 2865 1391 2892 non
1420 2852 1523 2892 licet
1555 2850 1698 2893 codd:
1730 2863 1844 2891 nunc

181 2905 364 2948 Sobata:
393 2921 480 2948 non
500 2907 600 2947 delet
611 2906 728 2948 Bake
915 2921 944 2959 9
972 2912 1040 2949 est
1054 2906 1254 2960 Madvig:
1282 2907 1338 2947 sit
1356 2905 1469 2947 codd.
1668 2919 1720 2958 19
1757 2918 1843 2946 non

179 2961 320 3005 rodda
350 2961 451 3004 delet
460 2962 627 3004 Ernesti
