2112 3444
138 88 254 155 3215·
730 92 799 139 M.
839 92 1048 140 TVLLI
1087 92 1468 143 CICERONIS

274 227 325 276 in
367 231 463 279 hoc
504 230 613 294 ipso
654 248 874 292 numero,
918 232 967 280 in
1010 248 1110 295 quo
1150 235 1345 295 perraro
1385 233 1596 284 exoritur
1633 235 1928 303 aliquisex-

273 311 469 371 cellenS,
498 311 537 362 si
562 311 819 375 diligenter
842 321 890 361 et
914 329 973 361 ex
997 321 1274 363 nostrorum
1299 322 1348 363 et
1376 331 1435 363 ex
1459 316 1759 366 Graecorum
1782 317 1928 381 copia

273 405 556 455 comparare
601 395 751 453 voles,
800 395 956 442 multo
1002 402 1168 443 tamen
1214 393 1468 456 pauciores
1515 405 1730 447 oratores
1775 413 1926 461 quam

200 491 247 520 12
273 481 449 534 poetae
474 473 593 522 boni
617 473 927 536 reperientur.
1001 475 1154 535 Quod
1178 475 1275 523 hoc
1306 474 1453 524 etiam
1478 475 1745 527 mirabilius
1776 478 1927 529 debet

271 551 438 613 videri,
476 553 592 616 quia
633 563 901 603 ceterarum
935 553 1112 613 artium
1148 554 1310 603 studia
1344 557 1443 604 fere
1478 556 1742 606 reconditis
1777 566 1925 621 atque
1947 573 1972 615 5

270 634 450 684 abditis
475 652 503 684 e
526 634 745 684 fontibus
774 634 1074 695 hauriuntur,
1102 634 1301 684 dicendi
1331 644 1497 684 autem
1529 636 1690 686 omnis
1721 636 1845 687 ratio
1871 638 1922 687 in

268 715 437 765 medio
464 716 625 779 posita
657 714 910 765 communi
934 716 1154 778 quodam
1184 715 1235 763 in
1267 732 1359 764 usu
1394 725 1543 779 atque
1577 716 1628 765 in
1663 717 1923 767 hominum

268 813 354 845 ore
388 806 437 846 et
472 813 698 846 sermone
733 804 960 856 versatur,
987 804 1041 844 ut
1076 795 1127 844 in
1163 795 1335 845 ceteris
1370 795 1422 845 id
1458 796 1668 846 maxime
1703 800 1921 859 excellat,
1961 818 1964 822 ·

267 879 404 939 quod
428 876 710 941 longissime
746 877 807 926 sit
841 877 918 925 ab·
939 876 1276 940 imperitorum
1310 876 1642 940 intellegentia
1676 895 1922 942 sensuque

266 958 581 1019 disiunctum,
630 957 682 1006 in
728 956 943 1007 dicendo
988 965 1154 1006 autem
1199 956 1371 1006 vitium
1417 959 1495 1006 vel
1545 957 1813 1008 maximum
1857 959 1921 1010 sit
1947 979 2022 1009 10.

264 1054 294 1086 a
321 1038 505 1102 vulgari
535 1054 713 1102 genere
747 1036 984 1121 orationis
1006 1046 1160 1113 atque
1191 1054 1221 1086 a
1251 1037 1610 1088 consuetudine
1642 1039 1920 1094 communis

191 1091 438 1204 1{sensus
477 1119 751 1168 abhorrere.
787 1090 860 1181 ΧΨ
842 1121 918 1167 Ac
958 1135 1021 1167 ne
1061 1117 1184 1168 illud
1224 1118 1427 1181 quidem
1465 1134 1579 1172 vere
1618 1118 1718 1168 dici
1757 1129 1921 1183 potest

226 1231 229 1233 -
263 1207 348 1247 aut
375 1199 526 1262 pluris
559 1199 732 1248 ceteris
763 1197 994 1248 inservire
1023 1207 1108 1249 aut
1140 1198 1323 1248 maiore
1354 1198 1682 1249 delectatione
1712 1209 1797 1251 aut
1830 1217 1920 1264 spe

260 1278 486 1330 uberiore
526 1288 610 1328 aut
651 1278 878 1343 praemiis
913 1280 978 1328 ad
1018 1278 1398 1341 perdiscendum
1433 1278 1752 1343 amplioribus
1785 1297 1919 1330 corn-

260 1358 458 1409 moveri.
532 1362 698 1423 Atque
743 1367 798 1408 ut
838 1358 1063 1408 omittam
1106 1358 1377 1419 Graeciam,
1422 1375 1549 1422 quae
1589 1376 1783 1424 semper
1821 1362 1919 1412 elo-
1943 1380 1992 1421 15

258 1438 490 1502 quentiae
505 1439 733 1503 princeps
750 1455 857 1487 esse
870 1438 1038 1498 voluit,
1056 1447 1204 1502 atque
1222 1438 1327 1488 illas
1344 1439 1568 1488 omnium
1584 1439 1918 1494 doctrinarum

258 1516 552 1570 inventrices
577 1520 812 1579 AthenaS‚
834 1518 886 1569 in
910 1518 1090 1581 quibus
1115 1535 1309 1568 summa
1333 1519 1533 1569 dicendi
1556 1519 1628 1570 vis
1653 1529 1701 1569 et
1719 1519 1919 1576 inventa

255 1607 332 1647 est
356 1608 404 1648 et
435 1601 664 1662 perfecta,
691 1598 742 1647 in
774 1600 868 1647 hac
899 1598 1006 1662 ipsa
1034 1598 1227 1650 civitate
1256 1601 1478 1663 profecto
1510 1601 1645 1652 nulla
1676 1617 1916 1664 umquam

183 1699 233 1740 14
257 1680 596 1729 vehementius
649 1695 798 1768 quarn
845 1679 1156 1742 eloquentiae
1207 1679 1369 1729 studia
1418 1679 1686 1743 viguerunt.
1782 1683 1915 1733 Nam

253 1769 428 1822 postea
446 1776 596 1823 quam
620 1759 827 1823 imperio
852 1759 1075 1808 omnium
1094 1759 1315 1823 gentium
1334 1760 1602 1810 constituto
1621 1760 1913 1816 diuturnitas
1938 1779 1990 1810 πο

252 1840 388 1903 pacis
407 1840 564 1890 otium
583 1839 901 1899 confirmavit,
924 1856 1073 1889 nemo
1092 1842 1191 1889 fere
1211 1840 1369 1890 laudis
1388 1841 1597 1904 cupidus
1621 1842 1912 1907 adulescens

252 1937 355 1970 non
388 1921 481 1970 sibi
512 1922 577 1970 ad
610 1920 879 1971 dicendum
912 1920 1077 1970 studio
1111 1920 1248 1971 omni
1281 1921 1569 1973 enitendum
1600 1897 1831 2015 putavit-{i
1852 1939 1912 1976 ae

251 2001 412 2064 primo
437 2001 640 2091 quidem
662 2001 814 2050 totius
839 2000 1038 2050 rationis
1064 2000 1231 2064 ignari,
1259 2002 1343 2065 qui
1366 2018 1529 2065 neque
1553 2002 1910 2057 exercitationis

249 2082 401 2130 ullam
419 2081 519 2132 vim
544 2098 719 2144 neque
724 2080 927 2144 aliquod
947 2090 1264 2145 praeceptum
1284 2081 1398 2132 artis
1423 2098 1530 2133 esse
1548 2082 1906 2144 arbitrarentur,

249 2170 454 2223 tantum,
482 2154 722 2226 quantum
746 2161 944 2225 ingenio
975 2171 1023 2212 et
1049 2161 1345 2226 cogitatione
1373 2172 1613 2226 poterant,
1639 2179 1908 2227 conseque—
1931 2180 1980 2223 25

248 2242 426 2291 bantur
441 2261 455 2303 3
490 2251 603 2306 post
637 2246 802 2291 autem
837 2241 1016 2291 auditis
1053 2243 1326 2292 oratoribus
1363 2243 1563 2293 Graecis
1599 2243 1907 2308 cognitisque

247 2339 418 2375 eorum
460 2322 629 2372 litteris
669 2321 1003 2386 adhibitisque
1046 2323 1332 2373 doctoribus
1373 2323 1650 2375 incredibili
1685 2326 1905 2394 quodam

175 2420 223 2460 15
247 2403 400 2452 nostri
424 2402 651 2452 homines
676 2402 898 2452 discendi
929 2403 1094 2452 studio
1123 2406 1457 2467 flagraverunt.
1530 2404 1790 2455 Excitabat
1818 2416 1904 2456 eos

246 2483 549 2546 magnitudO,
570 2482 775 2532 varietas
801 2483 1166 2547 multitudoque
1189 2484 1242 2533 in
1267 2484 1404 2534 omni
1427 2501 1605 2548 genere
1627 2500 1900 2546 causarum,

245 2572 298 2612 ut
321 2565 385 2612 ad
410 2578 520 2612 eam
545 2563 834 2624 doctrinam,
862 2579 1012 2627 quam
1045 2581 1136 2614 suo
1168 2564 1377 2628 quisque
1408 2565 1574 2616 studio
1605 2575 1901 2621 consecutus
1923 2580 1978 2620 30

242 2652 384 2703 esset,
410 2643 756 2707 adiungeretur
780 2661 898 2694 usus
923 2646 1166 2708 frequens,
1193 2645 1279 2709 qui
1307 2645 1531 2695 omnium
1558 2646 1900 2710 magistrorum

297 2769 349 2810 M
358 2770 496 2810 =HE
654 2773 681 2810 8
709 2785 783 2812 ore
807 2772 857 2813 Ο.
879 2770 939 2812 M.
962 2772 1139 2813 Miiller:
1168 2787 1286 2813 more
1306 2773 1415 2815 codd.
1593 2786 1642 2816 10
1668 2774 1746 2826 sit]
1765 2781 1832 2816 est
1849 2774 1906 2815 M

244 2825 310 2873 14⁶-
321 2825 535 2877 uberiore]
556 2825 753 2866 liberiore
773 2826 849 2865 M:
892 2827 1038 2876 specie
1058 2827 1282 2867 liberiore?
1322 2827 1523 2867 Friedrich
1690 2842 1741 2873 21
1771 2842 1898 2869 nemo

241 2908 256 2918 .,
273 2907 282 2917 .
303 2908 313 2918 .
337 2880 501 2928 putavit
518 2893 602 2920 om.
623 2878 677 2917 M
807 2892 859 2929 24
887 2882 997 2919 viam
1017 2881 1101 2920 Lm
1239 2883 1292 2920 28
1320 2883 1509 2922 discendi
1526 2882 1656 2931 neseio
1671 2884 1767 2933 quis
1783 2884 1900 2934 apud

241 2929 496 2973 Lambinum
513 2947 522 2973 ε
552 2933 721 2975 dicendi
740 2933 851 2977 codd.
962 2947 1017 2985 30
1045 2941 1301 2982 consecutus
1322 2935 1408 2975 ML
1426 2950 1437 2975 ι
1466 2937 1691 2977 adsecutus
1710 2950 1756 2976 m
1774 2951 1865 2979 recc.
