2150 3444
71 161 234 223 3815ss
714 164 783 211 M.
823 163 1033 210 TVLLI
1073 162 1456 212 CICERONIS

259 308 600 364 compungunt
623 299 723 350 suis
752 299 1063 350 acuminibus
1095 309 1143 349 et
1175 301 1331 349 multa
1358 299 1644 362 quaerendo
1669 295 1919 362 reperiunt

258 398 362 430 non
399 382 553 431 modo
594 398 667 442 ea,
709 398 835 444 quae
876 380 973 429 iam
1009 398 1111 430 non
1151 379 1342 444 possint
1378 378 1472 443 ipsi
1512 378 1790 438 dissolvere,
1831 378 1920 428 sed

259 461 408 512 etiam
433 461 612 525 quibus
637 471 750 511 ante
776 479 946 511 exorsa
969 471 1018 511 et
1041 460 1205 525 potius
1230 462 1426 510 detexta
1448 477 1603 525 prope
1626 468 1916 510 retexantur.

161 557 236 599 159
262 542 364 591 Hie
387 559 479 591 nos
503 542 646 606 igitur
671 542 864 593 Stoicus
889 542 979 592 iste
1012 542 1134 590 nihil
1165 541 1376 602 adiuvat,
1405 541 1655 605 quoniam,
1682 557 1832 604 quern
1855 541 1921 590 ad

259 624 467 673 modum
514 623 760 673 inveniam
809 623 929 687 quid
976 623 1151 683 dicam,
1202 640 1305 672 non
1352 624 1534 684 docet,
1592 631 1742 686 atque
1785 621 1919 671 idem
1942 637 1968 681 5

259 704 407 754 etiarn
432 704 652 769 impedit,
682 707 819 769 quod
844 715 892 755 et
916 707 1071 754 multa
1094 704 1284 772 reperit,
1313 721 1440 768 quae
1472 711 1618 767 negat
1641 704 1744 752 ullo
1768 704 1922 752 modo

255 801 402 850 posse
427 785 640 847 dissolvi,
669 795 718 836 et
749 804 903 850 genus
937 786 1175 836 sermonis
1207 787 1364 835 adfert
1398 802 1502 834 non
1534 783 1792 847 liquidum,
1817 800 1922 834 non

257 868 421 916 fusum
456 885 514 916 ac
549 869 811 931 profluens,
849 869 937 917 sed
973 867 1109 928 exile,
1147 866 1353 928 aridum,
1382 865 1636 916 concisum
1670 882 1731 915 ac
1766 864 1923 915 minu-

258 956 377 1007 tum,
416 950 553 1011 quod
589 948 630 996 si
666 947 751 1012 qui
785 948 1027 1013 probabit,
1067 948 1134 997 ita
1168 947 1409 1012 probabit,
1449 956 1504 997 ut
1539 946 1718 997 oratori
1754 955 1920 997 tamen

257 1038 428 1092 aptum
470 1046 572 1078 non
611 1046 717 1079 esse
752 1031 992 1090 fateatur3
1039 1031 1161 1078 haec
1197 1028 1330 1078 enim
1365 1037 1532 1078 nostra
1565 1027 1721 1078 oratio
1761 1027 1922 1078 multi-
1947 1050 1998 1080 ιο

261 1109 446 1158 tudinis
472 1118 545 1159 est
575 1110 773 1159 auribus
809 1112 1247 1170 accommodanda,
1275 1111 1340 1160 ad
1364 1110 1689 1161 oblectandos
1712 1109 1919 1170 animos,

259 1192 324 1239 ad
348 1190 689 1255 impellendos,
717 1193 781 1241 ad
814 1208 871 1240 ea
902 1193 1172 1255 probanda,
1200 1207 1327 1254 quae
1362 1207 1464 1239 non
1492 1189 1705 1240 aurificis
1728 1199 1918 1250 statera,

159 1277 235 1318 160
259 1273 348 1321 sed
389 1272 614 1335 populari
656 1274 871 1335 quadam
908 1271 1089 1320 trutina
1124 1270 1495 1332 examinantur,
1547 1288 1647 1335 qua
1685 1287 1737 1320 re
1777 1270 1923 1323 istam

256 1361 412 1402 artem
451 1362 606 1402 totam
644 1353 951 1413 dimittimus,
996 1370 1123 1416 quae
1163 1352 1214 1401 in
1252 1351 1587 1416 excogitandis
1623 1351 1922 1416 argumentis

258 1442 397 1482 muta
421 1433 629 1483 nimium
655 1443 745 1496 est,
769 1433 820 1483 in
845 1433 1124 1483 iudicandis
1149 1432 1358 1482 nimium
1382 1434 1574 1496 loquax.
1648 1431 1921 1483 Critolaum
1947 1452 1996 1495 ¹5

259 1512 422 1574 istum,
449 1532 598 1578 quem
636 1533 750 1564 cum
777 1515 1003 1579 Diogene
1027 1514 1220 1564 venisse
1249 1530 1621 1574 commemoras,
1655 1522 1778 1578 puto
1810 1516 1923 1579 plus

259 1594 375 1643 huic
412 1605 581 1645 nostro
623 1596 789 1646 studio
830 1597 1065 1658 prodesse
1106 1593 1358 1658 potuisse3
1407 1603 1510 1643 erat
1550 1593 1685 1643 enim
1721 1594 1788 1644 ab
1827 1593 1924 1644 isto

258 1674 535 1738 Aristotele,
574 1694 603 1726 a
640 1676 778 1726 cuius
820 1675 1031 1726 inventis
1067 1674 1157 1725 tibi
1192 1691 1284 1738 ego
1319 1674 1489 1725 videor
1520 1691 1626 1723 non
1660 1676 1808 1738 longe
1841 1675 1924 1724 ab-

258 1772 427 1805 errare.
500 1759 666 1820 Atque
695 1756 821 1805 inter
855 1758 989 1805 hunc
1026 1755 1354 1815 Aristotelem,
1391 1754 1530 1804 cuius
1572 1763 1621 1805 et
1657 1753 1796 1805 illum
1827 1754 1924 1818 legi

258 1835 451 1897 librum,
478 1836 530 1885 in
558 1854 659 1901 quo
695 1836 919 1900 exposuit
954 1836 1155 1886 dicendi
1190 1836 1304 1885 artis
1341 1835 1564 1884 omnium
1598 1835 1918 1899 superiorum,
1945 1857 1998 1886 20

257 1925 308 1965 et
330 1915 454 1978 illos,
481 1917 533 1966 in
557 1917 737 1981 quibus
762 1917 866 1980 ipse
896 1934 983 1966 sua
1015 1918 1260 1980 quaedam
1294 1919 1357 1965 de
1387 1917 1561 1965 eadem
1585 1924 1688 1965 arte
1711 1915 1845 1976 dixit,
1872 1925 1922 1965 et

258 1998 351 2047 hos
396 2014 655 2061 germanos
704 1997 847 2047 huius
893 1997 1007 2046 artis
1056 1998 1311 2062 magistros
1353 2000 1449 2047 hoc
1487 1997 1608 2046 mihi
1648 1997 1807 2046 visum
1849 2005 1923 2046 est

259 2076 507 2138 interesse,
534 2079 672 2142 quod
703 2077 784 2128 ille
820 2080 995 2128 eadem
1031 2078 1136 2128 acie
1170 2078 1361 2137 mentis,
1390 2095 1489 2142 qua
1511 2094 1673 2127 rerum
1697 2077 1922 2128 omnium

258 2157 358 2207 vim
399 2167 723 2223 naturamque
769 2159 969 2220 viderat,
1019 2161 1141 2209 haec
1189 2176 1389 2223 quoque
1434 2158 1638 2222 aspexit,
1684 2175 1812 2222 quae
1856 2160 1921 2208 ad

260 2237 460 2290 dicendi
513 2248 685 2301 artem,
732 2257 881 2303 quam
936 2240 1017 2290 ille
1073 2240 1388 2304 despiciebat,
1438 2239 1784 2304 pertinebant3
1849 2239 1922 2290 illi
1945 2258 1994 2298 25
2072 2302 2076 2304 Y

260 2328 443 2381 autem,
479 2320 565 2384 qui
603 2323 700 2371 hoc
741 2323 902 2370 solum
945 2323 1211 2371 colendum
1249 2322 1514 2381 ducebant,
1551 2320 1833 2371 habitarunt
1868 2319 1922 2370 in

260 2401 355 2450 hac
390 2418 489 2451 una
522 2401 712 2451 ratione
748 2404 1002 2453 tractanda
1037 2419 1139 2451 non
1176 2404 1351 2452 eadem
1386 2401 1650 2466 prudentia
1690 2418 1789 2464 qua
1823 2400 1923 2462 ille,

159 2484 233 2525 161
261 2483 349 2532 sed
386 2499 479 2532 usu
517 2483 569 2532 in
610 2485 707 2533 hoc
748 2501 849 2533 uno
889 2500 1066 2547 genere
1107 2483 1371 2547 studioque
1409 2483 1605 2533 maiore.
1679 2482 1923 2532 Carneadi

257 2579 374 2613 vero
406 2564 478 2612 vis
514 2564 814 2614 incredibilis
850 2564 933 2613 illa
966 2564 1167 2614 dicendi
1199 2573 1248 2614 et
1281 2563 1486 2614 varietas
1521 2580 1759 2627 perquam
1793 2571 1922 2613 esset

258 2646 478 2707 optanda
502 2644 661 2706 nobis,
681 2645 766 2709 qui
790 2647 977 2694 nullam
1002 2662 1240 2708 umquam
1264 2644 1316 2693 in
1340 2644 1433 2694 illis
1458 2644 1558 2694 suis
1583 2642 1922 2708 disputationi·
1944 2659 1997 2701 30

260 2724 352 2774 bus
394 2742 496 2775 rem
538 2725 763 2776 defendit
795 2743 946 2790 quarn
987 2743 1090 2776 non
1125 2726 1354 2791 probarit,
1397 2727 1583 2776 nullam
1619 2723 1921 2789 oppugnavit

313 2851 367 2893 M
385 2873 420 2886 =
441 2852 579 2893 ΑΕΗ
738 2855 767 2892 6
795 2859 923 2904 neget
943 2854 979 2893 L
1001 2854 1112 2906 vulg.
1279 2866 1327 2904 14
1357 2853 1617 2894 dimittemus
1639 2865 1684 2892 m
1702 2866 1712 2893 ε
1741 2851 1921 2892 dimitta-

261 2919 354 2946 mus
386 2906 424 2945 L
620 2909 669 2946 16
698 2907 822 2947 simul
857 2921 952 2947 curn
983 2907 1020 2945 L
1131 2913 1234 2958 puto
1268 2920 1350 2946 om.
1380 2906 1435 2945 M
1614 2908 1669 2947 26
1697 2905 1920 2946 colendum

262 2960 473 3001 ducebant
494 2959 554 3000 L:
583 2960 853 3001 celebrabant
871 2961 928 3001 El
1093 2972 1142 3010 31
1176 2960 1430 3011 oppugnarit
1448 2956 1502 2998 M
