2112 3444
782 128 878 177 DE
917 127 1259 176 ORATORE
1334 129 1357 175 I

219 273 335 328 beni
362 274 516 324 duces
552 287 612 322 ex
646 271 740 320 hac
776 286 876 319 una
911 267 1106 318 civitate
1142 266 1586 331 praestantissimos
1622 283 1780 331 paene
1815 268 1884 317 in-

217 353 549 414 numerabiliS,
570 353 622 402 in
641 351 858 402 dicendo
875 359 1042 399 autem
1062 348 1344 398 excellentis
1363 348 1442 397 vix
1466 365 1651 411 paucos
1670 351 1884 412 proferre

216 435 500 501 possimus?
571 435 680 482 Iam
721 448 837 481 vero
878 430 1087 480 consilio
1127 446 1189 484 ac,
1228 429 1468 493 sapientia
1503 429 1588 493 qui
1624 447 1788 494 regere
1823 449 1882 482 ac

216 516 488 581 gubernare
511 530 615 564 rem
639 512 891 577 publicam
916 511 1120 574 possint,
1144 510 1285 559 multi
1305 519 1483 570 nostra,
1506 512 1668 574 plures
1688 522 1881 575 patrum

168 612 193 653 s
216 595 455 647 memoria
477 604 627 658 atque
651 594 799 644 etiam
825 592 1068 642 maiorum
1093 591 1394 651 exstiterunt,
1422 607 1537 640 cum
1562 592 1683 641 boni
1707 593 1881 656 perdiu

215 676 352 737 nulli,
374 676 454 726 vix
476 685 643 726 autem
669 674 871 738 singulis
896 673 1139 723 aetatibus
1165 672 1343 736 singuli
1368 673 1646 723 tolerabiles
1666 683 1882 724 oratores

214 757 561 808 invenirentur.
635 759 711 806 Ac
735 773 799 805 ne
823 755 909 819 qui
933 757 1058 804 forte
1083 771 1197 804 cum
1222 754 1328 803 aliis
1355 754 1543 815 studiis,
1566 771 1693 818 quae
1717 772 1885 804 recon-

213 840 329 892 ditis
369 839 420 888 in
461 838 647 888 artibus
683 846 832 901 atque
867 836 918 885 in
955 838 1171 899 quadam
1196 835 1439 884 ‘varietate
1475 835 1742 884 litterarum
1781 852 1881 885 ver-

213 930 395 982 sentur,
421 919 577 984 magis
602 920 731 968 hanc
756 916 956 967 dicendi
980 916 1237 976 rationem,
1259 933 1409 980 quam
1435 934 1549 966 cum
1574 917 1880 980 imperatoris

143 1023 194 1055 10
213 1002 360 1052 laude
382 1009 468 1051 aut
492 1017 608 1050 cum
632 999 754 1049 boni
779 997 1016 1049 senatoris
1041 997 1304 1062 prudentia
1321 1000 1708 1062 comparandam
1727 1009 1881 1063 putet,

212 1090 466 1133 convertat
499 1080 723 1131 animum
757 1081 823 1130 ad
852 1096 911 1129 ea
940 1079 1048 1143 ipsa
1082 1078 1259 1128 artium
1288 1096 1468 1142 genera
1502 1079 1882 1144 circumspiciat-

210 1179 325 1228 que,
350 1162 437 1228 qui
460 1162 512 1212 in
548 1162 618 1212 eis
642 1160 896 1212 floruerint
922 1176 1179 1224 quamque
1207 1159 1349 1210 multi
1382 1160 1479 1210 sint
1487 1179 1501 1222 3
1539 1160 1609 1210 sic
1634 1161 1878 1222 facillime,

211 1252 399 1308 quanta
437 1251 687 1294 oratorum
729 1242 791 1292 sit
832 1251 880 1291 et
922 1258 1116 1305 semper
1155 1241 1300 1291 fuerit
1346 1241 1581 1305 paucitas,
1625 1241 1903 1304 iudicabit„

214 1326 394 1389 Neque
429 1323 564 1375 enim
599 1333 649 1374 te
683 1322 806 1387 fugit
842 1323 1067 1372 omnium
1103 1323 1412 1372 laudatarum
1447 1323 1624 1373 artium
1660 1340 1882 1406 procrea-

1903 141 1985 190 27

1909 441 1932 479 8

1877 1283 1938 1336 ⁰3

139 1418 188 1464 15
211 1405 385 1457 tricem
420 1407 674 1470 quandam
706 1414 755 1455 et
787 1404 928 1468 quasi
959 1413 1215 1468 parentem
1248 1421 1372 1464 eam,
1401 1420 1551 1468 quarn
1588 1385 1896 1469 φιλὸσοφιιὶν
1908 1385 1971 1453 §³⁵²³

210 1486 390 1538 Graeci
423 1495 617 1547 vocant,
655 1486 719 1535 ab
755 1486 1042 1535 hominibus
1079 1485 1377 1535 doctissimis
1412 1485 1648 1548 iudicari;
1694 1486 1745 1537 in
1781 1503 1881 1552 qua

209 1567 410 1618 difficile
438 1576 513 1617 est
545 1583 834 1617 enumerare
866 1575 988 1630 quot
1019 1566 1109 1616 viri
1141 1575 1327 1630 quanta
1358 1566 1564 1617 scientia
1595 1577 1880 1633 quantaque

210 1647 263 1698 in
287 1648 388 1698 suis
412 1647 588 1699 studiis
612 1648 846 1698 varietate
874 1656 922 1697 et
951 1647 1096 1711 copia
1119 1647 1312 1708 fuerint,
1339 1648 1425 1711 qui
1456 1665 1559 1699 non
1585 1666 1684 1698 una
1715 1649 1880 1713 aliqua

210 1727 262 1778 in
286 1745 339 1778 re
362 1728 623 1792 separatim
650 1728 961 1788 elaborarint‚
983 1730 1073 1778 sed
1091 1728 1273 1789 omnia,
1296 1745 1641 1794 quaecumque
1659 1740 1876 1795 possent,

135 1827 188 1857 20
208 1811 288 1860 vel
319 1809 555 1860 scientiae
581 1809 993 1874 pervestigatione
1020 1811 1098 1859 vel
1130 1809 1405 1860 disserendi
1440 1811 1628 1862 ratione
1660 1828 1881 1876 compre-

205 1890 481 1941 henderint.
579 1890 706 1953 Quis
753 1890 957 1955 ignorat,
1007 1889 1067 1950 ei,
1111 1889 1197 1954 qui
1245 1891 1582 1941 mathematici
1621 1902 1874 1954 vocantur,

205 1979 392 2035 quanta
422 1971 475 2021 in
509 1971 810 2022 obscuritate
845 1987 1007 2021 rerum
1042 1979 1092 2020 et
1127 1987 1278 2035 quam
1314 1971 1570 2022 recondita
1603 1972 1655 2022 in
1689 1982 1793 2024 arte
1827 1982 1877 2024 et

205 2049 467 2116 multiplici
502 2051 771 2116 subtilique
802 2053 1095 2102 versentur?
1121 2045 1129 2113 1
1165 2053 1283 2114 Quo
1315 2061 1482 2102 tamen
1511 2053 1562 2103 in
1598 2068 1777 2118 genere
1808 2054 1877 2104 ita

205 2132 349 2182 multi
383 2133 588 2197 perfecti
622 2130 852 2184 homines
885 2133 1186 2194 exstiterunt,
1221 2143 1275 2183 ut
1310 2150 1460 2184 nemo
1492 2136 1593 2184 fere
1628 2135 1877 2196 studuisse

130 2225 182 2272 ²5
205 2212 252 2263 ei
287 2212 522 2264 scientiae
551 2214 895 2264 vehementius
926 2214 1162 2274 videatur,
1194 2214 1316 2278 quin
1345 2217 1483 2278 quod
1518 2217 1725 2266 voluerit
1760 2234 1876 2267 con-

204 2303 404 2344 secutus
427 2294 503 2345 sit.
565 2294 693 2358 Quis
717 2295 932 2356 musicis,
960 2295 1070 2359 quis
1096 2295 1212 2345 huic
1237 2295 1403 2346 studio
1427 2296 1709 2359 litterarum,
1737 2301 1875 2362 quod

202 2376 496 2439 profitentur
529 2375 590 2437 ei,
629 2376 716 2440 qui
755 2376 1061 2440 grammatici
1095 2386 1346 2437 vocantur,
1386 2377 1583 2440 penitus
1625 2395 1677 2428 se
1719 2380 1871 2440 dedit,

203 2455 326 2519 quin
345 2472 548 2506 omnem
572 2456 766 2507 illarum
783 2456 962 2507 artium
980 2473 1140 2520 paene
1164 2457 1407 2507 infinitam
1426 2458 1525 2507 vim
1546 2468 1594 2508 et
1619 2460 1873 2510 materiem

202 2535 409 2586 scientia
454 2546 504 2586 et
549 2537 835 2601 cognitione
881 2538 1349 2602 comprehenderit?
1429 2540 1558 2588 Vere
1605 2539 1727 2589 mihi
1774 2542 1872 2591 hoc

53 2655 55 2657 .
126 2631 181 2672 3ο
201 2616 374 2668 videor
404 2634 514 2668 esse
545 2617 780 2679 dicturuS,
815 2635 876 2669 ex
906 2619 1140 2669 omnibus
1173 2618 1257 2679 eiS,
1285 2618 1371 2683 qui
1402 2619 1454 2668 in
1482 2621 1657 2669 harum
1692 2621 1870 2671 artium

202 2697 555 2748 liberalissimis
607 2699 783 2750 studiis
838 2700 936 2749 sint
982 2699 1320 2764 doctrinisque
1372 2701 1563 2762 versati,
1612 2700 1870 2751 minimam

201 2779 400 2844 copiam
430 2788 690 2844 poetarum
721 2787 770 2830 et
795 2787 1044 2830 oratorum
1076 2781 1382 2845 egregiorum
1415 2780 1685 2842 exstitisse:
1720 2791 1871 2866 atque

253 2893 309 2934 M
319 2892 456 2934 =HE
592 2880 595 2882 ’
615 2909 639 2945 4
670 2901 847 2948 possent
867 2894 904 2934 L
926 2909 1015 2936 mcc.
1193 2897 1220 2935 8
1247 2897 1442 2947 quadam
1450 2894 1593 2949 vulg..
1633 2895 1776 2948 aliqua
1797 2875 1869 2936 Μ’

203 2960 254 2989 12
273 2949 508 2989 floruerunt
523 2948 607 2989 Em
722 2952 772 2988 16
791 2950 1053 3002 hominibus]
1068 2950 1262 2990 omnibus
1274 2950 1386 3000 codd.
1503 2964 1549 3001 17
1581 2964 1804 2993 numerare
1820 2951 1873 2991 M

199 3015 255 3054 ⁹9
279 3002 485 3044 scientiae
504 3004 829 3055 cogitationeM
935 3017 988 3052 82
1016 3012 1061 3046 et
1080 3011 1296 3046 oratorum
1332 3002 1429 3047 add.
1448 3005 1589 3046 Hense
1618 3035 1621 3038 -
1655 3059 1702 3099 1*

1907 1909 1957 1938 10

1899 2559 1944 2588 11
