2150 3444
222 667 280 702 10

230 741 280 782 39

228 1522 282 1562 40

231 2166 285 2209 41

754 150 823 200 M.
863 149 1073 200 TVLLI
1111 149 1495 202 CICERONIS

299 289 420 353 quid
456 305 682 353 quaeque
717 291 906 348 doceat,
935 298 1101 338 tamen
1137 290 1233 338 hoc
1265 288 1444 338 certius
1478 306 1585 339 esse
1621 288 1749 338 nihil·
1775 297 1950 355 potest,

301 388 448 434 quam
480 372 615 433 quod
648 387 821 419 omnes
849 379 975 419 artes
1007 369 1130 420 aliae
1163 370 1268 419 sine
1301 369 1582 433 eloquentia
1605 386 1749 419 suum
1774 387 1955 420 munus

300 460 542 515 praestare
566 460 785 515 possunt,
814 460 975 500 orator
1000 450 1105 500 sine
1129 468 1188 500 ea
1211 467 1396 500 nomen
1421 450 1644 500 obtinere
1675 468 1819 500 suum
1852 469 1955 500 non

302 541 496 596 potest;
543 542 597 582 ut
632 533 792 592 ceteri,
832 533 871 582 si
913 533 1081 583 diserti
1119 533 1228 592 sint,
1261 532 1449 596 aliquid
1488 533 1554 582 ab
1591 535 1687 583 hoc
1723 534 1952 592 habeant,

302 614 395 673 hic,
440 613 534 662 nisi
575 614 858 664 domesticis
897 631 949 664 se
986 614 1263 663 instruxerit
1304 613 1471 678 copiis,
1515 613 1717 664 aliunde
1755 613 1957 665 dicendi
1979 628 2003 669 5

304 694 497 758 copiam
544 704 709 758 petere
755 712 857 744 non
903 695 1088 759 possit.’
1168 698 1300 744 Tum
1347 697 1553 745 Catulus
1602 694 1750 754 ‘etsi‚'
1798 694 1958 759 inquit

308 779 319 800 ⁶
337 769 538 834 Antoni,
567 775 768 824 minime
792 775 1138 838 impediendus
1167 766 1240 825 est
1264 775 1654 840 interpellatione
1673 775 1765 825 iste
1788 793 1962 826 cursus·

305 855 536 904 orationis
562 865 687 915 tuae,
713 856 897 919 patiere
921 864 1087 905 tamen
1112 856 1333 920 mihique
1357 856 1581 921 ignosces
1597 874 1611 917 3
1651 861 1678 883 ‘⁶
1696 874 1799 907 non
1823 857 1957 906 enim

303 951 506 997 possum
539 935 659 999 quin
691 938 1005 997 exclamem,'‘
1036 946 1090 985 ut
1117 937 1185 986 ait
1213 937 1294 986 ille
1318 936 1369 985 in
1393 937 1717 988 Trinummo:
1758 937 1827 987 ita
1857 938 1956 986 vim

303 1015 505 1065 oratoris
552 1033 666 1064 cum
713 1016 982 1079 exprimere
1030 1017 1270 1066 subtiliter
1316 1017 1448 1066 visus
1495 1035 1560 1077 es,
1605 1027 1711 1066 tum
1757 1020 1963 1068 laudare·
1983 1034 2033 1064 ιο

302 1096 639 1160 copiosissime
657 1115 669 1157 ;
705 1099 841 1160 quod
876 1097 1080 1160 quidem
1113 1100 1430 1161 eloquentem
1463 1100 1542 1147 vel
1577 1098 1764 1162 optime
1798 1090 1958 1150 facere

303 1186 507 1241 oportet,
536 1186 590 1226 ut
614 1178 947 1241 eloquentiam
972 1180 1170 1239 laudet3
1205 1179 1357 1228 debet
1379 1177 1513 1227 enim
1536 1180 1602 1228 ad
1626 1196 1736 1228 eam
1759 1180 1960 1230 laudan-

302 1260 418 1307 dam
443 1258 599 1322 ipsam
625 1258 757 1308 illam
781 1259 1030 1319 adhibere,
1060 1276 1209 1323 quam
1233 1261 1414 1309 laudat.
1487 1261 1586 1310 Sed
1610 1277 1757 1325 perge
1779 1278 1926 1326 porro
1945 1278 1960 1322 ς

303 1339 394 1389 tibi
426 1339 559 1389 enim
591 1340 841 1390 adsentior
865 1350 1080 1390 vestrum
1105 1358 1213 1391 esse
1245 1342 1341 1391 hoc
1374 1349 1534 1391 totum
1566 1341 1747 1393 diserte
1777 1341 1955 1401 dicere,

303 1421 461 1484 idque*
487 1422 526 1471 si
556 1421 664 1485 quis
697 1421 748 1470 in
775 1422 870 1471 alia
893 1431 994 1472 arte
1025 1422 1182 1482 faciat,
1210 1440 1325 1472 eum
1357 1425 1623 1487 adsumpto
1657 1423 1857 1474 aliunde
1888 1422 1959 1472 uti
1985 1437 2032 1479 15

303 1505 452 1563 bono,
489 1521 590 1553 non
625 1504 822 1569 proprio
857 1522 950 1555 nec
992 1507 1112 1554 suo.’
1184 1507 1248 1554 Et
1286 1507 1492 1556 Crassus
1529 1509 1656 1555 ‘nox
1690 1506 1766 1556 te’
1800 1504 1961 1570 inquit

307 1585 495 1646 ‘nobiS‚
534 1585 735 1646 Antoni,
775 1585 1006 1649 expolivit
1042 1586 1397 1650 hominemque
1442 1586 1689 1648 reddidit3
1729 1604 1845 1636 nam
1881 1588 1963 1637 he-

305 1675 470 1716 sterno
517 1683 743 1717 sermone
789 1667 934 1717 unius
982 1667 1240 1717 cuiusdam
1282 1667 1457 1732 operis,
1494 1676 1550 1718 ut
1590 1668 1658 1718 ait
1701 1667 1958 1727 Caecilius,

304 1747 538 1811 remigem
569 1747 784 1811 aliquem
809 1757 893 1797 aut
915 1747 1137 1797 baiulum
1174 1748 1318 1798 nobis
1354 1757 1596 1798 oratorem
1620 1748 1958 1813 descripseras,

306 1828 506 1892 inopem
555 1831 804 1892 quendam
852 1829 1169 1878 humanitatis
1215 1839 1365 1892 atque
1410 1829 1738 1879 inurbanum.'
1828 1832 1960 1878 Tum
1988 1845 2039 1873 20

306 1910 554 1959 Antonius
588 1910 720 1959 ‘heri
745 1910 903 1959 enim'
937 1910 1097 1973 inquit
1134 1911 1255 1958 ‘hoc
1285 1909 1406 1958 mihi
1435 1927 1798 1974 proposueram,
1826 1919 1892 1970 ut,
1921 1909 1962 1959 si

307 2000 356 2041 te
379 1991 674 2050 refellissem,
704 1993 794 2040 hos
818 2008 848 2039 a
871 2000 919 2041 te
951 1991 1219 2054 discipulos
1243 1992 1540 2041 abducerem
1558 2010 1573 2053 3
1606 2009 1754 2052 nunc,
1783 1993 1965 2043 Catulo

309 2072 541 2122 audiente
566 2082 613 2121 et
639 2074 859 2132 Caesare,
888 2073 1057 2123 videor
1082 2073 1263 2123 debere
1291 2090 1394 2122 non
1423 2081 1524 2121 tam
1555 2090 1773 2136 pugnare
1796 2081 1961 2122 tecum
2024 2108 2026 2110 »

310 2170 459 2217 quam
492 2153 612 2217 quid
647 2153 751 2216 ipse
787 2153 995 2202 sentiam
1031 2153 1206 2203 dicere.
1280 2153 1509 2216 Sequitur
1542 2152 1699 2217 igitur,
1725 2152 1961 2218 quoniam

307 2233 453 2284 nobis
494 2242 567 2283 est
603 2233 696 2293 hic,
739 2234 801 2283 de
843 2250 943 2297 quo
990 2233 1248 2297 loquimur,
1292 2232 1344 2282 in
1378 2235 1486 2283 foro
1524 2242 1674 2297 atque
1713 2232 1766 2282 in
1805 2232 1961 2283 oculis
1986 2246 2036 2288 25

306 2315 487 2365 civium
534 2314 920 2374 constituendus,
957 2323 1011 2363 ut
1045 2314 1312 2374 videamus,
1348 2313 1469 2377 quid
1506 2313 1552 2364 ei
1588 2313 1756 2378 negoti
1785 2314 1964 2364 demus

307 2397 485 2460 cuique
509 2412 623 2445 eum
648 2395 838 2444 muneri
861 2395 1069 2445 velimus
1093 2413 1199 2445 esse
1217 2395 1551 2459 praepositum
1568 2412 1585 2455 3
1616 2411 1734 2444 nam
1757 2396 1964 2446 Crassus

307 2476 423 2535 heri,
457 2467 570 2525 cum
602 2493 702 2535 VOS,
732 2477 908 2526 Catule
940 2485 989 2525 et
1025 2478 1219 2536 Caesar,
1246 2493 1349 2526 non
1384 2475 1633 2535 adessetis,
1660 2475 1825 2540 posuit
1858 2475 1965 2526 bre-

307 2556 428 2605 viter
459 2556 510 2606 in
541 2555 656 2606 artis
691 2556 1036 2607 distributione
1065 2556 1213 2617 idem,
1245 2557 1382 2621 quod
1418 2556 1595 2607 Graeci
1628 2555 1849 2621 plerique
1878 2573 1967 2621 po·

309 2647 522 2698 suerunt,
566 2654 728 2701 neque
770 2656 887 2689 sane
926 2638 1046 2702 quid
1084 2639 1191 2703 ipse
1227 2638 1439 2698 sentiret,
1478 2639 1567 2688 sed
1601 2637 1724 2703 quid
1763 2638 1829 2688 ab
1867 2636 1965 2687 illis
1986 2648 2039 2688 30

311 2719 562 2779 diceretur,
590 2721 836 2771 ostendit:
870 2722 971 2771 duo
1000 2720 1156 2785 prima
1181 2737 1360 2785 genera
1391 2717 1736 2785 quaestionum
1760 2736 1882 2780 esse,
1904 2716 1962 2767 >in

366 2829 418 2867 M
436 2849 471 2862 =
491 2829 629 2868 AEH
787 2843 805 2870 1
838 2831 939 2881 quid
968 2843 1160 2880 quaeque
1192 2843 1309 2869 rem:
1349 2829 1539 2879 quidque
1563 2827 1641 2868 M:
1674 2827 1776 2878 quid
1805 2826 1962 2878 quique

311 2882 443 2922 Adler
539 2886 690 2924 doceat
710 2885 894 2935 Kayser:
925 2887 1106 2925 doceant
1126 2897 1215 2924 recc.
1234 2897 1314 2924 om.
1338 2883 1391 2921 M
1550 2897 1576 2922 2
1604 2894 1727 2933 quam
1744 2881 1965 2922 damnavit

310 2937 486 2989 Madvig
501 2938 609 2978 Adv.
631 2939 727 2979 Crit.
750 2940 788 2978 ii.
810 2942 885 2989 185
1065 2940 1090 2978 8
1121 2951 1305 2978 noenum
1335 2936 1495 2976 Ritschl
1697 2949 1724 2986 9
1755 2935 1855 2975 mihi
1874 2935 1960 2974 vim

309 2990 345 3029 L
366 2992 475 3044 vulg.
646 3006 695 3031 22
725 3008 749 3032 a
781 2999 823 3032 te
859 3007 946 3033 recc.
970 3007 979 3033 :
1019 2998 1118 3033 ante
1147 2992 1307 3033 AE¹H
1336 3004 1468 3043 marg.
1640 3002 1692 3041 25
1720 2990 1837 3030 vobis
1863 2989 1958 3029 Mm

309 3047 493 3096 loquitur
514 3047 565 3085 M
725 3060 774 3096 31
807 3049 983 3098 primum
1007 3048 1059 3086 M
