2150 3444
116 160 164 196 11
189 155 243 207 46
724 145 792 192 M.
833 144 1043 193 TVLLI
1083 144 1466 194 CICERONIS

267 284 480 335 caruisse
490 303 503 346 3
530 283 569 333 si
589 283 816 343 amiserit,
842 284 1094 333 moderate
1113 281 1281 331 tulisse
1298 299 1311 343 ;
1335 281 1529 341 deinde,
1548 281 1668 347 quid
1682 282 1927 349 sapienter

268 366 322 428 is,
341 383 490 431 quem
509 367 690 425 laudet,
712 364 832 428 quid
854 362 1127 424 liberaliter,
1146 362 1267 426 quid
1286 362 1485 422 fortiter,
1503 362 1623 427 quid
1647 363 1786 424 iuste,
1804 364 1926 430 quid

269 447 541 512 magnifice,
560 446 681 511 quid
700 445 791 510 pie,
812 444 932 509 quid
948 452 1092 508 grate,
1117 443 1238 508 quid
1263 442 1554 505 humaniter,
1573 443 1694 509 quid
1709 444 1926 510 denique

269 546 383 578 cum
411 528 576 592 aliqua
599 527 775 576 virtute
798 535 883 574 aut
906 525 1074 575 fecerit
1097 533 1182 574 aut
1206 524 1368 575 tulerit
1391 542 1401 575 ε
1437 526 1560 576 haec
1587 534 1638 576 et
1660 542 1788 590 quae
1811 534 1927 579 sunt

269 610 373 660 eius
409 608 598 674 generis
634 608 775 658 facile
810 606 1010 668 videbit,
1046 606 1132 670 qui
1166 609 1298 658 volet
1333 608 1533 658 laudare
1549 625 1563 669 3
1603 616 1652 658 et
1686 608 1773 672 qui
1806 607 1927 662 vitu-
1948 623 1974 666 5

193 705 246 750 47
269 708 450 755 perare,
494 689 763 739 contraria.'
852 689 984 739 ‘Cur
1030 687 1175 752 igitur
1219 687 1448 749 dubitas‚'
1496 687 1656 753 inquit
1703 690 1923 750 Catulus,

273 776 284 798 ‘
301 773 461 821 facere
493 773 589 820 hoc
619 769 815 820 tertium
844 785 1013 833 genus,
1048 766 1286 833 quoniam
1316 777 1390 818 est
1422 767 1473 819 in
1506 768 1694 820 ratione
1725 786 1887 822 rerum
1905 771 1930 821 ?

269 854 386 902 Non
420 851 564 910 enim,
594 850 648 899 si·
666 859 739 900 est
771 849 973 909 facilius,
1001 866 1063 900 eo
1090 851 1155 900 de
1186 866 1393 900 numero
1428 866 1628 915 quoque
1663 859 1738 902 est
1769 867 1927 901 excer-

267 934 518 997 pendum.'
594 930 756 994 ‘Quia
796 932 943 991 nolo,'
985 929 1159 995 inquit,
1203 930 1411 991 ‘omnia,
1455 947 1583 995 quae
1619 932 1806 982 cadunt
1844 930 1928 983 ali-

268 1015 469 1076 quando
507 1011 559 1061 in
600 1020 856 1072 oratorem,
898 1010 1121 1075 quamvis
1159 1010 1333 1076 exigua
1368 1010 1479 1074 sint,
1518 1029 1577 1063 ea
1607 1011 1678 1062 sic
1705 1020 1923 1073 tractare,
1952 1035 2003 1069 ιο

190 1110 245 1164 48
267 1093 407 1158 quasi
445 1092 567 1142 nihil
605 1092 760 1157 possit
797 1091 897 1142 diei
938 1091 1044 1142 sine
1072 1092 1343 1157 praeceptis
1381 1092 1514 1154 suis3
1553 1109 1670 1143 nam
1711 1101 1761 1144 et
1797 1092 1928 1144 testi-

266 1174 490 1224 monium
523 1190 670 1237 saepe
702 1172 971 1223 dicendum
995 1182 1069 1223 est
1092 1190 1150 1223 ac
1174 1190 1276 1223 non
1309 1190 1584 1237 numquam
1615 1173 1764 1224 etiarn
1786 1191 1928 1225 accu-

264 1255 425 1315 ratiu5‚
454 1264 508 1304 ut
532 1254 655 1304 mihi
677 1254 826 1304 etiam
850 1270 1051 1304 necesse
1075 1253 1166 1303 fuit
1190 1254 1241 1303 in
1273 1256 1379 1304 Sex.
1408 1253 1609 1315 Titium,
1637 1254 1926 1306 seditiosum

264 1335 422 1385 civem
455 1345 504 1386 et
536 1336 905 1397 turbulentum;
939 1335 1176 1399 explicavi
1209 1335 1259 1384 in
1296 1352 1357 1385 eo
1390 1334 1674 1386 testimonio
1708 1335 1926 1387 dicendo

265 1417 433 1467 omnia
456 1416 662 1467 consilia
684 1419 968 1467 consulatus
993 1416 1104 1478 mei,
1132 1416 1312 1480 quibus
1336 1415 1407 1465 illi
1430 1416 1629 1467 tribuno
1651 1416 1811 1481 plebis
1834 1433 1925 1482 pro
1949 1437 2000 1480 15

268 1515 318 1547 re
343 1498 542 1562 publica
565 1497 862 1559 restitissem,
891 1514 1118 1562 quaeque
1149 1498 1213 1547 ab
1246 1514 1308 1548 eo
1340 1506 1512 1548 contra
1539 1514 1643 1549 rem
1674 1497 1926 1562 publicam

265 1580 394 1628 facta
427 1579 695 1640 arbitrarer,
734 1578 939 1643 exposui
954 1596 969 1640 3
1010 1578 1097 1628 diu
1130 1587 1347 1628 retentus
1386 1595 1509 1639 sum,
1551 1580 1708 1628 multa
1739 1577 1926 1641 audivi,

266 1661 420 1709 multa
465 1659 710 1724 respondi.
786 1661 922 1710 Num
969 1658 1114 1723 igitur
1153 1661 1327 1723 placet,
1370 1675 1486 1709 cum
1533 1660 1598 1710 de
1643 1658 1928 1724 eloquentia

265 1740 551 1804 praecipiaS,
585 1739 773 1804 aliquid
812 1739 960 1790 etiam
997 1741 1060 1789 de
1097 1739 1391 1790 testimoniis
1432 1739 1656 1791 dicendis
1697 1739 1838 1805 quasi
1870 1739 1925 1794 in

265 1830 367 1872 arte
403 1823 654 1872 tradere?'
727 1825 739 1848 ⁴
759 1820 895 1871 Nihil
932 1822 1076 1870 sane'
1112 1820 1272 1884 inquit
1308 1822 1515 1872 Catulus
1553 1824 1566 1848 ‘
1583 1838 1785 1871 necesse
1819 1822 1924 1871 est.'
1947 1835 2000 1867 κο

269 1905 281 1928 ‘
300 1900 437 1963 Quid
475 1902 527 1963 si,
573 1903 710 1967 quod
746 1918 891 1965 saepe
927 1899 1131 1951 summis
1168 1900 1281 1951 viris
1319 1901 1514 1963 accidit,
1553 1902 1788 1968 mandata
1826 1901 1925 1953 sint

264 1984 559 2047 exponenda
590 1991 675 2032 aut
699 1982 749 2031 in
782 1990 954 2031 senatu
978 1982 1042 2031 ab
1067 1980 1359 2046 imperatore
1382 1991 1467 2033 aut
1489 1983 1555 2033 ad
1577 1981 1923 2048 imperatorem

264 2072 349 2114 aut
371 2065 437 2114 ad
459 2080 623 2127 regem
655 2071 740 2112 aut
767 2063 832 2112 ad
863 2064 1103 2127 populum
1132 2063 1347 2128 aliquem
1379 2080 1409 2112 a
1441 2072 1627 2126 senatu,
1653 2081 1775 2113 num
1807 2062 1925 2127 quia

263 2161 441 2208 genere
460 2143 692 2195 orationis
712 2143 763 2193 in
782 2143 886 2193 eius
907 2143 1044 2194 modi
1060 2144 1219 2195 causis
1243 2144 1543 2195 accuratiore
1566 2153 1640 2195 est
1662 2145 1919 2206 utendum,

264 2225 448 2275 idcirco
488 2242 600 2289 pars
635 2224 783 2275 etiam
821 2227 943 2275 haec
980 2243 1237 2276 causarum
1273 2227 1580 2276 numeranda
1611 2225 1804 2280 videtur
1836 2233 1923 2277 aut
1947 2239 1996 2281 25

263 2306 469 2372 propriis
493 2306 765 2372 praeceptis
793 2305 1080 2357 instruenda
1094 2309 1141 2357 ?'
1215 2305 1454 2357 ‘Minime
1478 2308 1623 2368 vero,'
1647 2305 1808 2370 inquit
1831 2307 1924 2358 Ca-

264 2391 425 2450 tulus;
463 2392 596 2439 ‘non
620 2387 753 2438 enim
779 2388 934 2439 deerit
957 2388 1148 2439 homini
1175 2388 1358 2439 diserto
1389 2388 1441 2438 in
1472 2388 1578 2439 eius
1607 2387 1744 2438 modi
1775 2388 1923 2440 rebus

191 2488 243 2530 50
265 2472 468 2520 facultas
492 2488 552 2521 ex
575 2469 748 2521 ceteris
773 2471 919 2522 rebus
943 2480 992 2520 et
1016 2470 1175 2521 causis
1207 2471 1518 2535 comparata.’
1587 2472 1602 2498 ‘
1622 2471 1754 2534 Ergo
1775 2468 1922 2519 item’

264 2549 424 2614 inquit
462 2550 586 2611 ‘illa,
625 2567 753 2615 quae
791 2567 937 2614 saepe
975 2550 1154 2600 diserte
1195 2552 1388 2615 agenda
1426 2559 1541 2601 sunt
1579 2558 1631 2600 et
1665 2566 1794 2614 quae
1828 2565 1922 2614 ego

263 2633 411 2694 paulo
445 2640 573 2692 ante,
601 2649 717 2682 curn
754 2631 1089 2696 eloquentiam
1123 2632 1388 2694 laudarem,
1423 2630 1524 2684 dixi
1558 2630 1762 2682 oratoris
1792 2647 1917 2693 esse,
1940 2645 1997 2689 30

262 2727 425 2776 neque
449 2714 635 2764 habent
654 2729 799 2763 suum
824 2715 990 2763 locum
1008 2714 1165 2763 ullum
1189 2712 1240 2761 in
1264 2711 1505 2764 divisione
1523 2712 1733 2778 partium
1754 2729 1921 2776 neque

189 1794 244 1831 12

318 2839 371 2880 M
387 2858 422 2873 =
446 2839 586 2881 AEH
721 2854 746 2880 2
775 2854 901 2892 quem
923 2854 1008 2882 recc.
1031 2855 1041 2881 τ
1069 2842 1241 2892 quidem
1263 2841 1317 2881 M
1506 2840 1609 2891 quid
1626 2851 1698 2891 m.,
1719 2841 1823 2891 quid
1847 2839 1918 2890 pie

260 2907 347 2935 om.
369 2892 423 2934 M
605 2906 631 2943 5
661 2895 833 2935 laudare
863 2896 1103 2946 quempiam
1137 2896 1173 2933 L
1205 2896 1315 2946 vulg.
1529 2907 1552 2944 7
1582 2894 1790 2935 rationem
1822 2893 1919 2935 Mm

261 2961 285 3043 ἒ
288 2962 331 3041 p1n
344 2948 633 3042 telsqtgaemoniurn
656 2949 751 2988 Mm
768 2963 778 2990 t
811 2950 1053 2989 testimonio
1066 2948 1103 2987 L
1274 2951 1327 2989 28
1357 2948 1531 2991 facultas
1551 2962 1606 2989 ex
1619 2948 1771 2988 ceteris
1791 2947 1918 2989 rebus
