2150 3444
106 163 169 225 78
191 166 268 226 3'19

752 164 821 211 M.
861 162 1071 210 TVLLI
1109 162 1489 212 CICERONIS

291 302 595 365 deprompta,
624 308 671 350 et
702 300 956 364 apparebit
990 317 1048 349 ea
1079 316 1181 348 non
1211 301 1363 348 modo
1395 316 1497 348 non
1529 316 1636 350 esse
1659 299 1942 350 communia

290 398 383 431 nec
407 382 457 430 in
481 381 598 430 alias
631 398 802 430 causas
834 397 980 444 posse
1015 379 1272 439 transferri,
1300 380 1387 428 sed
1412 379 1608 443 penitus
1632 398 1691 429 ex
1713 397 1772 430 ea
1795 397 1943 430 causa

189 503 267 542 320
290 479 417 527 quae
459 460 608 529 [tum]
647 470 827 525 agatur,
870 460 1147 509 effloruisse.
1235 461 1402 510 Omne
1441 468 1607 509 autem
1647 460 1942 525 principium

187 957 262 996 321

288 551 372 591 aut
407 542 476 592 rei
512 541 677 603 totius,
703 558 830 605 quae
864 550 1044 604 agetur,
1081 540 1488 604 significationem
1524 541 1706 591 habere
1739 540 1944 590 debebit

287 630 372 670 aut
407 620 596 671 aditum
631 622 695 669 ad
732 637 931 669 causam
978 629 1027 668 et
1069 619 1512 669 communitionem
1557 628 1642 669 aut
1689 621 1943 683 quoddam

288 709 633 751 ornamentum
680 709 729 749 et
774 699 1064 764 dignitatem
1081 718 1095 762 3
1153 702 1241 749 sed
1287 709 1494 764 oportet,
1543 708 1598 749 ut
1643 699 1851 750 aedibus
1883 716 1944 750 ac

289 781 483 845 templis
507 780 749 830 vestibula
773 789 822 830 et
845 780 1022 841 aditus,
1050 780 1119 830 sic
1149 769 1307 830 causis
1340 780 1579 845 principia
1603 796 1694 844 pro
1717 779 1944 845 portione

289 879 449 912 rerum
491 879 826 926 praeponere3
873 862 1040 926 itaque
1075 862 1126 912 in
1161 862 1320 926 parvis
1365 871 1514 926 atque
1551 861 1942 926 infrequentibus

290 943 447 991 causis
483 943 546 991 ab
583 942 688 1006 ipsa
719 959 770 991 re
799 951 872 991 est
900 942 1110 992 exordiri
1144 959 1291 1007 saepe
1326 943 1636 993 commodius
1653 961 1668 1005 3
1702 945 1791 993 sed
1826 959 1942 993 cum

288 1023 378 1072 erit
419 1025 660 1072 utendum
696 1022 953 1086 principi0‚
993 1025 1131 1088 quod
1165 1026 1454 1088 plerumque
1494 1023 1596 1084 erit,
1636 1032 1722 1074 aut
1758 1040 1818 1073 ex
1857 1040 1942 1073 reo

220 1128 222 1130 ·
286 1112 371 1153 aut
400 1121 460 1153 ex
490 1103 767 1153 adversario
804 1112 890 1152 aut
921 1121 981 1153 ex
1014 1120 1066 1153 re
1100 1113 1185 1153 aut
1219 1121 1280 1154 ex
1310 1104 1392 1164 eis,
1428 1106 1561 1168 apud
1597 1120 1721 1168 quos
1756 1113 1938 1168 agetur,

181 1518 259 1559 3²2

181 2007 262 2048 323

286 1183 552 1234 sententias
586 1183 703 1233 duci
737 1182 916 1232 licebit.
990 1186 1066 1232 Ex
1089 1200 1173 1233 reo
1209 1183 1338 1249 (reos
1372 1186 1581 1248 appe110,
1620 1200 1832 1248 quorum
1865 1201 1942 1234 res

284 1264 395 1329 est),
433 1281 561 1327 quae
599 1262 874 1327 significent
911 1263 1102 1312 bonum
1134 1263 1305 1324 virum,
1344 1281 1472 1328 quae
1509 1263 1776 1324 liberalem,
1813 1281 1942 1329 quae

285 1344 638 1404 calamitosum,
660 1360 788 1406 quae
806 1343 1139 1393 misericordia
1162 1344 1380 1408 dignum,
1409 1361 1536 1408 quae
1553 1346 1747 1395 valeant
1770 1353 1941 1395 contra

285 1426 459 1473 falsam
495 1422 925 1484 criminationem3
960 1440 1020 1472 ex
1054 1424 1331 1473 adversario
1366 1424 1555 1474 eisdem
1591 1441 1650 1474 ex
1684 1424 1804 1474 locis
1839 1427 1940 1476 fere

284 1503 525 1554 contraria
544 1522 558 1565 3
593 1521 653 1553 ex
675 1520 740 1564 re,
762 1503 803 1552 si
818 1503 1041 1564 crudelis,
1064 1503 1105 1553 si
1123 1506 1353 1566 nefanda,
1378 1505 1418 1553 si
1432 1514 1623 1569 praeter
1637 1504 1939 1569 opinionem,

285 1588 327 1637 si
349 1587 612 1649 immerito,
637 1587 678 1636 si
703 1587 891 1647 misera,
920 1587 960 1637 si
980 1587 1180 1651 ingrata,
1208 1588 1249 1638 si
1273 1588 1487 1652 indigna,
1516 1588 1556 1637 si
1580 1605 1722 1651 nova,
1749 1591 1790 1638 si
1814 1606 1942 1654 quae

284 1669 472 1719 restitui
519 1668 777 1732 sanarique
812 1684 914 1717 non
949 1668 1138 1733 possit3
1196 1686 1256 1719 ex
1301 1668 1371 1718 eis
1417 1678 1596 1730 autem,
1635 1671 1768 1733 apud
1815 1659 1940 1734 quos

284 1760 466 1815 agetur,
494 1759 548 1800 ut
573 1751 840 1800 benevolos
876 1751 1105 1815 beneque
1140 1751 1459 1802 existimantis
1494 1751 1775 1813 efficiamuS‚
1802 1753 1940 1816 quod

284 1833 479 1894 agendo
514 1830 718 1880 efficitur
753 1830 927 1880 melius
960 1848 1110 1895 quam
1142 1834 1374 1896 rogando,
1449 1834 1538 1882 Est
1572 1833 1624 1882 id
1660 1833 1863 1896 quidem
1886 1832 1939 1882 in

284 1920 439 1962 totam
465 1911 737 1961 orationem
767 1914 1177 1962 confundendum
1211 1930 1304 1963 nec
1341 1912 1543 1962 minime
1566 1913 1618 1962 in
1642 1922 1907 1964 extremam
1925 1932 1940 1975 3

285 1994 374 2042 sed
406 2001 572 2042 tamen
601 1994 755 2041 multa
786 1992 1024 2057 principia
1058 2010 1118 2043 ex
1152 2010 1213 2043 eo
1247 2010 1424 2058 genere
1458 1994 1733 2059 gignuntur.
1806 1996 1939 2044 Nam

283 2083 333 2123 et
367 2082 610 2123 attentum
645 2082 851 2123 monent
887 2074 1063 2124 Graeci
1093 2083 1148 2124 ut
1176 2074 1417 2139 principio
1452 2075 1688 2125 faciamus
1723 2075 1939 2125 iudicem

283 2163 332 2204 et
389 2153 635 2214 docilem3
692 2171 820 2218 quae
871 2163 986 2204 sunt
1037 2155 1190 2217 utilia,
1238 2157 1326 2206 sed
1375 2172 1477 2206 non
1525 2155 1733 2220 principi
1784 2155 1939 2220 magis

283 2235 478 2299 propria
513 2252 663 2299 quam
699 2235 994 2299 reliquarum
1029 2236 1272 2300 partium3
1306 2235 1523 2287 faciliora
1550 2236 1698 2286 etiam
1729 2235 1782 2286 in
1812 2236 1939 2300 prin-

284 2315 436 2379 cipiis,
465 2318 600 2380 quod
631 2325 680 2366 et
710 2316 885 2365 attenti
909 2325 1015 2366 tum
1039 2317 1251 2366 maxime
1276 2325 1406 2379 sunt,
1430 2334 1545 2367 cum
1577 2317 1744 2367 omnia
1775 2333 1940 2381 exspe-

283 2406 430 2457 ctant,
467 2406 515 2447 et
551 2397 739 2447 dociles
780 2397 934 2462 magis
975 2400 1028 2448 in
1068 2398 1217 2448 initiis
1255 2414 1361 2448 esse
1392 2407 1600 2462 possunt
1615 2416 1630 2459 3
1664 2397 1941 2448 inlustriora

284 2478 417 2528 enim
442 2487 570 2539 sunt,
597 2495 725 2543 quae
761 2478 813 2527 in
849 2478 1099 2543 principiis
1135 2495 1285 2543 quam
1321 2494 1448 2542 quae
1482 2478 1534 2528 in
1569 2479 1745 2530 mediis
1780 2477 1939 2528 causis

339 2605 394 2645 M
410 2626 445 2640 =
466 2606 603 2646 AEH
765 2621 783 2647 1
817 2608 1066 2658 deprompta
1086 2606 1161 2648 M:
1191 2608 1466 2658 depromptae
1480 2607 1592 2659 vulg.
1776 2620 1804 2657 3
1830 2619 1940 2658 quae

287 2667 375 2701 tum
399 2667 549 2711 agatur
564 2661 601 2711 L
617 2661 728 2714 vulg.
746 2675 755 2703 ε
786 2662 1004 2712 quaeritur
1021 2659 1093 2701 M:
1124 2674 1415 2711 quaecumque
1443 2662 1583 2711 agitur
1597 2660 1799 2701 Friedrich
1896 2667 1940 2701 et

286 2716 476 2754 floruisse
505 2714 559 2753 M
762 2727 787 2764 5
817 2715 1188 2755 communitionem
1209 2728 1297 2755 recc.
1321 2729 1331 2754 :
1359 2715 1413 2754 ad
1434 2715 1719 2755 comutatione
1748 2713 1822 2754 M:
1851 2728 1938 2754 mu-

288 2769 490 2808 nitionem
510 2769 546 2807 L
568 2770 679 2821 vulg.
850 2781 894 2807 11
927 2774 1078 2818 agetur
1096 2768 1205 2810 codd.
1226 2784 1236 2810 z
1269 2769 1409 2818 agitur
1426 2768 1623 2809 Friedrich
1791 2781 1839 2808 12
1868 2769 1938 2808 de-

287 2823 398 2861 cebit
427 2821 464 2859 L
635 2834 682 2872 15
711 2822 1046 2863 adversariorum
1075 2820 1129 2860 M
1180 2863 1183 2865 ,
1290 2824 1339 2861 16
1366 2835 1421 2861 ex
1451 2823 1513 2861 rei
1544 2821 1598 2860 M
1700 2822 1873 2863 infanda
1899 2820 1938 2859 L

288 2887 342 2915 22
369 2876 598 2925 gignantur
618 2876 671 2915 M
831 2888 884 2926 23
912 2881 955 2915 et
974 2888 1053 2916 om.
1078 2874 1132 2914 M
1289 2887 1341 2926 25
1369 2881 1562 2927 prompta
1580 2874 1660 2928 Μγ
1817 2887 1868 2925 27
1896 2879 1940 2915 et

287 2940 372 2968 om.
393 2928 441 2965 M
603 2930 646 2967 in
666 2928 760 2969 add.
783 2928 938 2968 Piderit
1486 2972 1490 2973 ⁷

1965 641 1990 683 5

1967 1044 2016 1074 10

1963 1850 2016 1880 20

1963 2251 2014 2294 25
