2150 3444
106 178 169 228 37
192 176 268 230 169
753 171 822 218 M.
860 152 1071 218 TVLLI
1109 169 1490 220 CICERONIS

292 307 343 356 in
370 306 586 358 minimis
611 308 1006 373 tenuissimisque
1030 309 1176 357 rebus
1200 307 1267 358 ita
1291 307 1404 368 labi,
1421 317 1476 358 ut
1498 308 1606 358 aliis
1624 301 1945 370 miserandu'S,

194 406 270 449 170
292 387 398 438 aliis
431 388 719 439 inridendus
753 406 859 439 esse
891 389 1149 439 videatur?
1219 388 1467 453 Equidem
1495 387 1828 454 propinquum
1863 407 1951 440 no·

293 477 447 518 strum
483 473 535 518 P.
578 471 810 520 Crassum
848 467 1005 536 [illum
1043 467 1282 535 Divitem]
1320 486 1435 518 cum
1465 468 1632 519 multis
1661 469 1767 519 aliis
1800 470 1946 520 rebus

292 551 567 612 elegantem
596 549 849 599 hominem
875 559 922 599 et
947 558 1174 599 ornatum
1207 558 1312 598 tum
1342 548 1604 613 praecipue
1632 547 1683 598 in
1711 551 1808 600 hoc
1836 550 1948 599 effe-

292 631 501 679 rendum
535 639 583 679 et
614 631 917 680 laudandum
946 639 1081 693 puto,
1109 631 1259 693 quod,
1287 647 1401 679 cum
1427 633 1479 679 P.
1507 631 1773 679 Scaevolae
1802 631 1948 680 frater
1969 646 1993 688 5

292 719 434 770 esset,
458 710 628 760 solitus
654 720 726 760 est
752 710 796 759 ei
821 727 1053 774 persaepe
1078 710 1242 774 dicere
1265 727 1429 774 neque
1453 709 1591 759 illum
1615 709 1667 759 in
1689 710 1795 760 iure
1817 709 1947 760 civili

292 790 406 840 satis
434 789 522 857 [illi
546 789 656 857 arti]
682 794 840 841 facere
865 809 1023 855 posse,
1045 790 1138 840 nisi
1162 791 1361 842 dicendi
1380 791 1576 856 copiam
1592 782 1947 856 adsumpsisset

289 874 496 936 —quod
529 872 731 936 quidem
764 872 858 932 hic,
891 872 976 936 qui
1007 889 1205 921 mecum
1237 874 1411 922 consul
1442 872 1548 934 fuit,
1577 873 1706 923 filius
1738 872 1843 923 eius
1871 882 1946 923 est

290 963 818 1017 consecutus—neque
852 970 903 1002 se
935 962 1049 1002 ante
1078 970 1249 1002 causas
1273 952 1544 1002 amicorum
1567 962 1773 1003 tractare
1794 962 1947 1018 atque

188 1049 261 1093 171
287 1050 429 1097 agere
465 1033 699 1097 coepisse,
733 1050 881 1097 quam
917 1033 991 1082 ius
1028 1033 1169 1082 civile
1200 1033 1465 1083 didicisset.
1538 1034 1676 1096 Quid
1710 1051 1826 1084 vero
1859 1034 1943 1084 ille
1968 1049 2019 1078 10

288 1112 406 1180 [M.]
445 1116 611 1164 Cato?
681 1116 864 1164 Nonne
894 1123 942 1163 et
970 1113 1252 1178 eloquentia
1286 1123 1422 1163 tanta
1456 1113 1560 1174 fuit,
1587 1123 1823 1178 quantam
1858 1114 1944 1166 illa

286 1204 509 1259 tempora
549 1204 698 1259 atque
739 1195 822 1244 illa
862 1204 994 1244 aetas
1036 1195 1087 1243 in
1128 1197 1222 1244 hac
1268 1195 1463 1244 civitate
1508 1197 1632 1245 ferre
1677 1194 1943 1246 maximam

284 1274 458 1341 potuit,
491 1285 539 1325 et
572 1274 686 1325 iuris
724 1274 876 1325 civilis
913 1275 1135 1325 omnium
1171 1274 1531 1339 peritissimus?
1599 1275 1941 1327 Verecundius

286 1357 380 1404 hac
418 1357 481 1405 de
521 1373 573 1406 re
610 1356 708 1406 iam
748 1357 938 1406 dudum
968 1348 1160 1420 loquor,
1192 1357 1329 1419 quod
1366 1357 1506 1405 adest
1538 1355 1609 1405 vir
1640 1355 1691 1405 in
1724 1355 1941 1406 dicendo

285 1453 521 1496 summus,
560 1454 709 1500 quem
742 1453 833 1500 ego
865 1454 1020 1486 unum
1053 1445 1296 1486 oratorem
1328 1425 1538 1485 maxime
1572 1435 1787 1486 admiror
1802 1454 1817 1498 3
1850 1437 1940 1487 sed
1965 1454 2014 1496 15

183 1532 254 1577 17²
282 1526 448 1566 tamen
495 1517 628 1567 idem
669 1519 767 1567 hoc
808 1534 999 1580 semper
1046 1516 1121 1565 ius
1168 1516 1309 1565 civile
1355 1515 1664 1579 contempsit.
1736 1519 1937 1578 Verum,

283 1597 518 1662 quoniam
544 1598 814 1648 sententiae
838 1608 986 1662 atque
1011 1597 1258 1662 opinionis
1288 1614 1428 1646 meae
1451 1596 1672 1647 voluistis
1702 1614 1809 1647 esse
1836 1614 1941 1662 par-

282 1679 467 1743 ticipes,
509 1680 630 1729 nihil
672 1680 933 1729 occultabo
972 1688 1034 1740 et,
1079 1680 1245 1744 quoad
1281 1688 1468 1742 poter0,
1500 1678 1641 1728 vobis
1677 1695 1936 1742 exponam,

193 1761 257 1820 38
282 1760 403 1825 quid
452 1763 515 1810 de
565 1778 761 1825 quaque
810 1778 860 1810 re
902 1760 1122 1810 sentiam.
1218 1756 1407 1809 Antoni
1450 1759 1749 1809 incredibilis
1794 1777 1939 1824 quae-

280 1843 397 1891 dam
417 1850 464 1890 et
479 1858 632 1905 prope
662 1841 914 1905 singularis
940 1851 988 1890 et
1013 1840 1179 1890 divina
1202 1840 1273 1890 vis
1299 1839 1464 1903 ingeni
1493 1840 1697 1901 videtur,
1724 1839 1872 1890 etiam
1896 1840 1937 1890 si
1962 1859 2013 1889 20

278 1924 373 1972 hac
410 1922 614 1972 scientia
651 1922 765 1972 iuris
805 1924 990 1973 nudata
1030 1922 1104 1982 sit,
1136 1939 1282 1986 posse
1320 1938 1372 1970 se
1410 1920 1552 1970 facile
1584 1920 1756 1970 ceteris
1787 1921 1935 1972 armis

277 2003 566 2067 prudentiae
599 2002 721 2053 tueri
753 2012 900 2067 atque
933 2004 1228 2063 defendere,·
1264 2019 1413 2065 quam
1446 2002 1514 2051 ob
1542 2018 1645 2050 rem
1677 2001 1758 2051 hic
1789 2002 1935 2052 nobis

277 2083 337 2132 sit
370 2094 601 2147 exceptus
618 2102 632 2145 3
674 2093 861 2133 ceteros
902 2101 1016 2133 vero
1055 2100 1156 2132 non
1199 2081 1440 2132 dubitabo
1478 2081 1691 2145 primum
1732 2081 1935 2132 inertiae

177 2180 252 2225 173
276 2165 608 2214 condemnare
644 2164 885 2214 sententia
914 2181 1036 2225 mea,
1072 2172 1184 2228 post
1220 2163 1367 2212 etiam
1404 2162 1741 2226 impudentiae
1756 2180 1772 2224 3
1817 2180 1934 2214 nam

275 2244 475 2294 volitare
504 2244 554 2294 in
584 2247 703 2306 foro,
732 2246 929 2295 haerere
965 2244 1016 2294 in
1052 2244 1155 2294 iure
1187 2262 1245 2294 ac
1277 2246 1557 2308 praetOrum
1590 2243 1929 2304 tribunalibus,
1959 2263 2007 2304 25

274 2324 456 2374 iudicia
479 2325 664 2388 privata
693 2342 978 2389 magnarum
1009 2343 1170 2375 rerum
1200 2325 1350 2385 obire,
1378 2324 1428 2373 in
1454 2324 1634 2389 quibus
1659 2341 1806 2389 saepe
1829 2341 1932 2375 non

274 2407 337 2455 de
371 2408 515 2468 facto,
551 2409 639 2457 sed
675 2409 739 2457 de
777 2408 1023 2472 aequitate
1063 2424 1122 2457 ac
1163 2407 1266 2456 iure
1307 2416 1529 2467 certetur,
1570 2406 1749 2456 iactare
1789 2422 1843 2456 se
1879 2406 1930 2456 in

272 2486 430 2536 causis
467 2487 913 2549 centumviralibus,
947 2488 998 2537 in
1035 2488 1214 2552 quibus
1250 2487 1624 2552 usucapionum,
1651 2489 1927 2548 tutelarum,

270 2567 609 2629 gentilitatum,
633 2570 965 2634 agnationum,
983 2568 1319 2629 adluvionum,
1341 2568 1796 2629 circumluvionum,
1817 2584 1931 2617 nex-

271 2664 425 2708 orum,
458 2650 829 2716 mancipiorum,
861 2650 1116 2715 parietum,
1147 2650 1404 2710 luminum,
1440 2648 1810 2710 stillicidiorum,
1837 2657 1929 2699 tes-
1952 2666 2004 2707 30

270 2736 598 2780 tamentorum
650 2741 904 2796 ruptorum
951 2739 1036 2781 aut
1082 2740 1312 2791 ratorum‚
1356 2739 1726 2795 ceterarumque
1765 2746 1926 2780 rerum

322 2857 376 2896 M
383 2858 478 2898 =H
559 2873 585 2910 3
615 2859 730 2899 illum
749 2860 936 2900 Divitem
956 2859 1116 2899 seclusit
1131 2858 1248 2899 Bake
1373 2871 1395 2908 7
1418 2858 1478 2898 illi
1499 2858 1580 2898 arti
1599 2857 1932 2898 seclusztEmesti

270 2913 330 2952 -di
352 2914 540 2964 copiam:
572 2914 711 2964 inctpit
724 2920 763 2964 p.
786 2915 870 2953 xxi.
898 2914 1037 2953 codicis
1054 2913 1279 2954 Harleiam‘
1404 2926 1451 2953 11
1485 2913 1542 2954 M.
1564 2926 1648 2953 om.
1667 2911 1762 2951 Hm
1875 2924 1925 2951 12

269 2967 380 3007 ferre
403 2981 446 3007 m
464 2982 474 3007 ε
504 2981 555 3007 ea
575 2968 685 3007 ferre
706 2967 759 3006 H
767 2968 780 2990 ¹
802 2982 812 3007 :
845 2973 889 3006 et
907 2968 1019 3007 serre
1037 2966 1090 3006 H
1099 2966 1115 2990 ²
