<?xml version="1.0" encoding="UTF-8"?>
<!DOCTYPE html PUBLIC "-//W3C//DTD XHTML 1.0 Transitional//EN"
    "http://www.w3.org/TR/xhtml1/DTD/xhtml1-transitional.dtd">
<html xmlns="http://www.w3.org/1999/xhtml" xml:lang="en" lang="en">
 <head>
  <title>
</title>
<meta http-equiv="Content-Type" content="text/html;charset=utf-8" />
  <meta name='ocr-system' content='tesseract 3.04.00' />
  <meta name='ocr-capabilities' content='ocr_page ocr_carea ocr_par ocr_line ocrx_word'/>
</head>
<body>
  <div class='ocr_page' id='page_1' title='image "./rhetoricarecogno01ciceuoft_0215.png"; bbox 0 0 2150 3444; ppageno 0'>
   <div class='ocr_carea' id='block_1_1' title="bbox 782 152 1411 204">
    <p class='ocr_par' dir='ltr' id='par_1_1' title="bbox 782 152 1411 204">
     <span class='ocr_line' id='line_1_1' title="bbox 782 152 1411 204; baseline -0.002 -1"><span class='ocrx_word' id='word_1_1' title='bbox 782 154 878 203; x_wconf 94' lang='lat' dir='ltr'>DE</span> <span class='ocrx_word' id='word_1_2' title='bbox 913 152 1256 204; x_wconf 90' lang='lat' dir='ltr'><strong>ORATORE</strong></span> <span class='ocrx_word' id='word_1_3' title='bbox 1329 153 1411 202; x_wconf 90' lang='lat' dir='ltr'>III</span> 
     </span>
    </p>
   </div>
   <div class='ocr_carea' id='block_1_2' title="bbox 258 290 1930 438">
    <p class='ocr_par' dir='ltr' id='par_1_2' title="bbox 258 290 1930 438">
     <span class='ocr_line' id='line_1_2' title="bbox 258 290 1927 357; baseline 0 -16"><span class='ocrx_word' id='word_1_4' title='bbox 258 291 393 353; x_wconf 90' lang='lat' dir='ltr'>locis,</span> <span class='ocrx_word' id='word_1_5' title='bbox 421 308 548 357; x_wconf 93' lang='lat' dir='ltr'>quos</span> <span class='ocrx_word' id='word_1_6' title='bbox 579 292 806 357; x_wconf 89' lang='lat' dir='ltr'>exposuit</span> <span class='ocrx_word' id='word_1_7' title='bbox 829 290 1095 353; x_wconf 91' lang='lat' dir='ltr'>Antonius,</span> <span class='ocrx_word' id='word_1_8' title='bbox 1127 293 1220 340; x_wconf 92' lang='lat' dir='ltr'>hac</span> <span class='ocrx_word' id='word_1_9' title='bbox 1255 290 1456 341; x_wconf 91' lang='lat' dir='ltr'>dicendi</span> <span class='ocrx_word' id='word_1_10' title='bbox 1488 291 1851 354; x_wconf 84' lang='lat' dir='ltr'>exercitatione,</span> <span class='ocrx_word' id='word_1_11' title='bbox 1875 292 1927 341; x_wconf 90' lang='lat' dir='ltr'>in</span> 
     </span>
     <span class='ocr_line' id='line_1_3' title="bbox 258 371 1930 438; baseline -0.001 -15"><span class='ocrx_word' id='word_1_12' title='bbox 258 389 359 438; x_wconf 88' lang='lat' dir='ltr'>qua</span> <span class='ocrx_word' id='word_1_13' title='bbox 395 373 615 424; x_wconf 90' lang='lat' dir='ltr'>Velleius</span> <span class='ocrx_word' id='word_1_14' title='bbox 661 382 737 424; x_wconf 89' lang='lat' dir='ltr'>est</span> <span class='ocrx_word' id='word_1_15' title='bbox 782 372 931 433; x_wconf 82' lang='lat' dir='ltr'>rudiS,</span> <span class='ocrx_word' id='word_1_16' title='bbox 981 389 1109 422; x_wconf 90' lang='lat' dir='ltr'>unus</span> <span class='ocrx_word' id='word_1_17' title='bbox 1157 371 1367 436; x_wconf 89' lang='lat' dir='ltr'>quisque</span> <span class='ocrx_word' id='word_1_18' title='bbox 1412 380 1636 421; x_wconf 90' lang='lat' dir='ltr'>nostrum</span> <span class='ocrx_word' id='word_1_19' title='bbox 1674 374 1930 422; x_wconf 84' lang='lat' dir='ltr'>versatus?</span> 
     </span>
    </p>
   </div>
   <div class='ocr_carea' id='block_1_3' title="bbox 1949 160 2081 216">
    <p class='ocr_par' dir='ltr' id='par_1_3' title="bbox 1949 160 2081 216">
     <span class='ocr_line' id='line_1_4' title="bbox 1949 160 2081 216; baseline -0.015 -12"><span class='ocrx_word' id='word_1_20' title='bbox 1949 165 2006 204; x_wconf 83' lang='lat'>21</span> <span class='ocrx_word' id='word_1_21' title='bbox 2030 160 2081 216; x_wconf 86' lang='lat'>78</span> 
     </span>
    </p>
   </div>
   <div class='ocr_carea' id='block_1_4' title="bbox 259 452 1983 519">
    <p class='ocr_par' dir='ltr' id='par_1_4' title="bbox 259 452 1983 519">
     <span class='ocr_line' id='line_1_5' title="bbox 259 452 1983 519; baseline -0.001 -15"><span class='ocrx_word' id='word_1_22' title='bbox 259 453 398 517; x_wconf 88' lang='lat' dir='ltr'>Quid</span> <span class='ocrx_word' id='word_1_23' title='bbox 429 463 521 516; x_wconf 91' lang='lat' dir='ltr'>est,</span> <span class='ocrx_word' id='word_1_24' title='bbox 545 455 684 519; x_wconf 91' lang='lat' dir='ltr'>quod</span> <span class='ocrx_word' id='word_1_25' title='bbox 713 463 800 504; x_wconf 92' lang='lat' dir='ltr'>aut</span> <span class='ocrx_word' id='word_1_26' title='bbox 824 456 931 504; x_wconf 76' lang='lat' dir='ltr'>SeX.</span> <span class='ocrx_word' id='word_1_27' title='bbox 961 452 1229 517; x_wconf 90' lang='lat' dir='ltr'>Pompeius</span> <span class='ocrx_word' id='word_1_28' title='bbox 1257 461 1342 502; x_wconf 92' lang='lat' dir='ltr'>aut</span> <span class='ocrx_word' id='word_1_29' title='bbox 1369 454 1473 503; x_wconf 93' lang='lat' dir='ltr'>duo</span> <span class='ocrx_word' id='word_1_30' title='bbox 1497 452 1640 502; x_wconf 85' lang='lat' dir='ltr'>Balbi</span> <span class='ocrx_word' id='word_1_31' title='bbox 1672 463 1757 502; x_wconf 90' lang='lat' dir='ltr'>aut</span> <span class='ocrx_word' id='word_1_32' title='bbox 1790 471 1930 503; x_wconf 90' lang='lat' dir='ltr'>meus</span> <span class='ocrx_word' id='word_1_33' title='bbox 1981 507 1983 509; x_wconf 75' lang='lat'>.</span> 
     </span>
    </p>
   </div>
   <div class='ocr_carea' id='block_1_5' title="bbox 185 532 1934 1415">
    <p class='ocr_par' dir='ltr' id='par_1_5' title="bbox 185 532 1934 1415">
     <span class='ocr_line' id='line_1_6' title="bbox 257 532 1931 600; baseline 0 -15"><span class='ocrx_word' id='word_1_34' title='bbox 257 534 460 596; x_wconf 80' lang='lat' dir='ltr'>amicuS,</span> <span class='ocrx_word' id='word_1_35' title='bbox 509 535 597 600; x_wconf 91' lang='lat' dir='ltr'>qui</span> <span class='ocrx_word' id='word_1_36' title='bbox 643 551 758 584; x_wconf 91' lang='lat' dir='ltr'>cum</span> <span class='ocrx_word' id='word_1_37' title='bbox 802 533 1039 584; x_wconf 85' lang='lat' dir='ltr'>Panaetio</span> <span class='ocrx_word' id='word_1_38' title='bbox 1084 532 1214 594; x_wconf 89' lang='lat' dir='ltr'>vixit,</span> <span class='ocrx_word' id='word_1_39' title='bbox 1258 535 1328 582; x_wconf 90' lang='lat' dir='ltr'>M.</span> <span class='ocrx_word' id='word_1_40' title='bbox 1368 532 1606 597; x_wconf 87' lang='lat' dir='ltr'>Vigellius</span> <span class='ocrx_word' id='word_1_41' title='bbox 1644 537 1708 585; x_wconf 90' lang='lat' dir='ltr'>de</span> <span class='ocrx_word' id='word_1_42' title='bbox 1754 534 1931 585; x_wconf 91' lang='lat' dir='ltr'>virtute</span> 
     </span>
     <span class='ocr_line' id='line_1_7' title="bbox 210 613 1929 681; baseline -0.001 -14"><span class='ocrx_word' id='word_1_43' title='bbox 210 633 235 675; x_wconf 83' lang='lat'>5</span> <span class='ocrx_word' id='word_1_44' title='bbox 258 617 519 668; x_wconf 89' lang='lat' dir='ltr'>hominum</span> <span class='ocrx_word' id='word_1_45' title='bbox 543 615 696 667; x_wconf 90' lang='lat' dir='ltr'>Stoici</span> <span class='ocrx_word' id='word_1_46' title='bbox 726 615 918 681; x_wconf 89' lang='lat' dir='ltr'>possint</span> <span class='ocrx_word' id='word_1_47' title='bbox 945 615 1123 675; x_wconf 90' lang='lat' dir='ltr'>dicere,</span> <span class='ocrx_word' id='word_1_48' title='bbox 1151 630 1250 678; x_wconf 88' lang='lat' dir='ltr'>qua</span> <span class='ocrx_word' id='word_1_49' title='bbox 1283 613 1336 662; x_wconf 95' lang='lat' dir='ltr'>in</span> <span class='ocrx_word' id='word_1_50' title='bbox 1371 613 1704 678; x_wconf 88' lang='lat' dir='ltr'>disputatione</span> <span class='ocrx_word' id='word_1_51' title='bbox 1735 633 1828 680; x_wconf 89' lang='lat' dir='ltr'>ego</span> <span class='ocrx_word' id='word_1_52' title='bbox 1852 616 1929 665; x_wconf 91' lang='lat' dir='ltr'>his</span> 
     </span>
     <span class='ocr_line' id='line_1_8' title="bbox 256 695 1927 760; baseline -0.002 -10"><span class='ocrx_word' id='word_1_53' title='bbox 256 699 470 750; x_wconf 85' lang='lat' dir='ltr'>debeam</span> <span class='ocrx_word' id='word_1_54' title='bbox 503 706 590 748; x_wconf 90' lang='lat' dir='ltr'>aut</span> <span class='ocrx_word' id='word_1_55' title='bbox 612 705 829 747; x_wconf 91' lang='lat' dir='ltr'>vestrum</span> <span class='ocrx_word' id='word_1_56' title='bbox 864 695 1127 760; x_wconf 91' lang='lat' dir='ltr'>quisquam</span> <span class='ocrx_word' id='word_1_57' title='bbox 1164 697 1475 746; x_wconf 85' lang='lat' dir='ltr'>concedere?</span> <span class='ocrx_word' id='word_1_58' title='bbox 1544 699 1663 747; x_wconf 94' lang='lat' dir='ltr'>Non</span> <span class='ocrx_word' id='word_1_59' title='bbox 1696 707 1769 747; x_wconf 90' lang='lat' dir='ltr'>est</span> <span class='ocrx_word' id='word_1_60' title='bbox 1794 697 1927 747; x_wconf 90' lang='lat' dir='ltr'>enim</span> 
     </span>
     <span class='ocr_line' id='line_1_9' title="bbox 256 776 1929 844; baseline -0.001 -15"><span class='ocrx_word' id='word_1_61' title='bbox 256 777 573 844; x_wconf 89' lang='lat' dir='ltr'>philosophia</span> <span class='ocrx_word' id='word_1_62' title='bbox 606 777 778 828; x_wconf 89' lang='lat' dir='ltr'>similis</span> <span class='ocrx_word' id='word_1_63' title='bbox 813 776 992 827; x_wconf 88' lang='lat' dir='ltr'>artium</span> <span class='ocrx_word' id='word_1_64' title='bbox 1027 776 1324 840; x_wconf 89' lang='lat' dir='ltr'>reliquarum</span> <span class='ocrx_word' id='word_1_65' title='bbox 1348 795 1358 825; x_wconf 73' lang='grc' dir='ltr'>ι</span> <span class='ocrx_word' id='word_1_66' title='bbox 1407 793 1523 825; x_wconf 90' lang='lat' dir='ltr'>nam</span> <span class='ocrx_word' id='word_1_67' title='bbox 1549 777 1671 841; x_wconf 90' lang='lat' dir='ltr'>quid</span> <span class='ocrx_word' id='word_1_68' title='bbox 1700 778 1846 828; x_wconf 88' lang='lat' dir='ltr'>faciet</span> <span class='ocrx_word' id='word_1_69' title='bbox 1878 778 1929 827; x_wconf 90' lang='lat' dir='ltr'>in</span> 
     </span>
     <span class='ocr_line' id='line_1_10' title="bbox 254 856 1931 923; baseline 0 -14"><span class='ocrx_word' id='word_1_70' title='bbox 254 858 525 923; x_wconf 86' lang='lat' dir='ltr'>geometria</span> <span class='ocrx_word' id='word_1_71' title='bbox 552 857 639 923; x_wconf 93' lang='lat' dir='ltr'>qui</span> <span class='ocrx_word' id='word_1_72' title='bbox 670 874 774 907; x_wconf 91' lang='lat' dir='ltr'>non</span> <span class='ocrx_word' id='word_1_73' title='bbox 798 856 1063 907; x_wconf 86' lang='lat' dir='ltr'>didicerit?</span> <span class='ocrx_word' id='word_1_74' title='bbox 1109 856 1231 921; x_wconf 90' lang='lat' dir='ltr'>quid</span> <span class='ocrx_word' id='word_1_75' title='bbox 1263 857 1314 906; x_wconf 90' lang='lat' dir='ltr'>in</span> <span class='ocrx_word' id='word_1_76' title='bbox 1347 857 1587 907; x_wconf 86' lang='lat' dir='ltr'>musicis?</span> <span class='ocrx_word' id='word_1_77' title='bbox 1645 861 1748 908; x_wconf 92' lang='lat' dir='ltr'>Aut</span> <span class='ocrx_word' id='word_1_78' title='bbox 1772 868 1931 909; x_wconf 90' lang='lat' dir='ltr'>taceat</span> 
     </span>
     <span class='ocr_line' id='line_1_11' title="bbox 255 938 1931 1006; baseline 0.001 -16"><span class='ocrx_word' id='word_1_79' title='bbox 255 939 508 1006; x_wconf 84' lang='lat' dir='ltr'>oportebit</span> <span class='ocrx_word' id='word_1_80' title='bbox 537 948 623 990; x_wconf 91' lang='lat' dir='ltr'>aut</span> <span class='ocrx_word' id='word_1_81' title='bbox 647 956 711 990; x_wconf 87' lang='lat' dir='ltr'>ne</span> <span class='ocrx_word' id='word_1_82' title='bbox 740 956 889 989; x_wconf 92' lang='lat' dir='ltr'>sanus</span> <span class='ocrx_word' id='word_1_83' title='bbox 913 938 1119 1003; x_wconf 92' lang='lat' dir='ltr'>quidem</span> <span class='ocrx_word' id='word_1_84' title='bbox 1142 938 1398 989; x_wconf 89' lang='lat' dir='ltr'>iudicetur.</span> <span class='ocrx_word' id='word_1_85' title='bbox 1477 942 1620 989; x_wconf 91' lang='lat' dir='ltr'>Haec</span> <span class='ocrx_word' id='word_1_86' title='bbox 1644 957 1773 1001; x_wconf 90' lang='lat' dir='ltr'>ver0,</span> <span class='ocrx_word' id='word_1_87' title='bbox 1802 958 1931 1005; x_wconf 90' lang='lat' dir='ltr'>quae</span> 
     </span>
     <span class='ocr_line' id='line_1_12' title="bbox 185 1019 1930 1087; baseline -0.001 -14"><span class='ocrx_word' id='word_1_88' title='bbox 185 1043 237 1074; x_wconf 81' lang='lat' dir='ltr'>xo</span> <span class='ocrx_word' id='word_1_89' title='bbox 256 1030 371 1072; x_wconf 89' lang='lat' dir='ltr'>sunt</span> <span class='ocrx_word' id='word_1_90' title='bbox 394 1020 447 1070; x_wconf 92' lang='lat' dir='ltr'>in</span> <span class='ocrx_word' id='word_1_91' title='bbox 469 1019 798 1086; x_wconf 87' lang='lat' dir='ltr'>philosophia,</span> <span class='ocrx_word' id='word_1_92' title='bbox 825 1019 1033 1085; x_wconf 89' lang='lat' dir='ltr'>ingeniis</span> <span class='ocrx_word' id='word_1_93' title='bbox 1058 1030 1294 1070; x_wconf 88' lang='lat' dir='ltr'>eruuntur</span> <span class='ocrx_word' id='word_1_94' title='bbox 1316 1022 1382 1071; x_wconf 92' lang='lat' dir='ltr'>ad</span> <span class='ocrx_word' id='word_1_95' title='bbox 1405 1020 1469 1082; x_wconf 92' lang='lat' dir='ltr'>id,</span> <span class='ocrx_word' id='word_1_96' title='bbox 1493 1023 1629 1085; x_wconf 90' lang='lat' dir='ltr'>quod</span> <span class='ocrx_word' id='word_1_97' title='bbox 1653 1022 1704 1070; x_wconf 92' lang='lat' dir='ltr'>in</span> <span class='ocrx_word' id='word_1_98' title='bbox 1730 1039 1930 1087; x_wconf 90' lang='lat' dir='ltr'>quoque</span> 
     </span>
     <span class='ocr_line' id='line_1_13' title="bbox 254 1101 1932 1168; baseline 0.001 -16"><span class='ocrx_word' id='word_1_99' title='bbox 254 1102 357 1153; x_wconf 88' lang='lat' dir='ltr'>veri</span> <span class='ocrx_word' id='word_1_100' title='bbox 385 1101 545 1152; x_wconf 90' lang='lat' dir='ltr'>simile</span> <span class='ocrx_word' id='word_1_101' title='bbox 576 1111 668 1164; x_wconf 89' lang='lat' dir='ltr'>est,</span> <span class='ocrx_word' id='word_1_102' title='bbox 691 1101 992 1153; x_wconf 90' lang='lat' dir='ltr'>eliciendum</span> <span class='ocrx_word' id='word_1_103' title='bbox 1023 1101 1179 1152; x_wconf 90' lang='lat' dir='ltr'>acutis</span> <span class='ocrx_word' id='word_1_104' title='bbox 1206 1105 1358 1166; x_wconf 80' lang='lat' dir='ltr'>atque</span> <span class='ocrx_word' id='word_1_105' title='bbox 1389 1102 1584 1152; x_wconf 91' lang='lat' dir='ltr'>acribus</span> <span class='ocrx_word' id='word_1_106' title='bbox 1615 1120 1772 1168; x_wconf 89' lang='lat' dir='ltr'>eaque</span> <span class='ocrx_word' id='word_1_107' title='bbox 1802 1121 1932 1154; x_wconf 85' lang='lat' dir='ltr'>exer-</span> 
     </span>
     <span class='ocr_line' id='line_1_14' title="bbox 255 1183 1931 1249; baseline 0.001 -16"><span class='ocrx_word' id='word_1_108' title='bbox 255 1183 406 1234; x_wconf 88' lang='lat' dir='ltr'>citata</span> <span class='ocrx_word' id='word_1_109' title='bbox 450 1183 674 1233; x_wconf 87' lang='lat' dir='ltr'>oratione</span> <span class='ocrx_word' id='word_1_110' title='bbox 719 1183 984 1248; x_wconf 91' lang='lat' dir='ltr'>poliuntur.</span> <span class='ocrx_word' id='word_1_111' title='bbox 1059 1183 1162 1233; x_wconf 93' lang='lat' dir='ltr'>Hic</span> <span class='ocrx_word' id='word_1_112' title='bbox 1202 1192 1369 1233; x_wconf 89' lang='lat' dir='ltr'>noster</span> <span class='ocrx_word' id='word_1_113' title='bbox 1414 1184 1624 1249; x_wconf 87' lang='lat' dir='ltr'>vulgaris</span> <span class='ocrx_word' id='word_1_114' title='bbox 1670 1195 1846 1246; x_wconf 90' lang='lat' dir='ltr'>orator,</span> <span class='ocrx_word' id='word_1_115' title='bbox 1890 1185 1931 1235; x_wconf 93' lang='lat' dir='ltr'>si</span> 
     </span>
     <span class='ocr_line' id='line_1_15' title="bbox 255 1264 1934 1332; baseline 0.001 -18"><span class='ocrx_word' id='word_1_116' title='bbox 255 1264 419 1315; x_wconf 90' lang='lat' dir='ltr'>minus</span> <span class='ocrx_word' id='word_1_117' title='bbox 447 1264 538 1315; x_wconf 87' lang='lat' dir='ltr'>erit</span> <span class='ocrx_word' id='word_1_118' title='bbox 560 1267 751 1325; x_wconf 87' lang='lat' dir='ltr'>doctus,</span> <span class='ocrx_word' id='word_1_119' title='bbox 778 1274 830 1314; x_wconf 91' lang='lat' dir='ltr'>at</span> <span class='ocrx_word' id='word_1_120' title='bbox 861 1274 1029 1315; x_wconf 91' lang='lat' dir='ltr'>tamen</span> <span class='ocrx_word' id='word_1_121' title='bbox 1053 1264 1105 1314; x_wconf 93' lang='lat' dir='ltr'>in</span> <span class='ocrx_word' id='word_1_122' title='bbox 1129 1265 1345 1316; x_wconf 91' lang='lat' dir='ltr'>dicendo</span> <span class='ocrx_word' id='word_1_123' title='bbox 1369 1265 1676 1328; x_wconf 90' lang='lat' dir='ltr'>exercitatus,</span> <span class='ocrx_word' id='word_1_124' title='bbox 1700 1269 1794 1316; x_wconf 89' lang='lat' dir='ltr'>hac</span> <span class='ocrx_word' id='word_1_125' title='bbox 1826 1267 1934 1332; x_wconf 90' lang='lat' dir='ltr'>ipsa</span> 
     </span>
     <span class='ocr_line' id='line_1_16' title="bbox 254 1344 1933 1415; baseline 0.001 -19"><span class='ocrx_word' id='word_1_126' title='bbox 254 1345 605 1397; x_wconf 88' lang='lat' dir='ltr'>exercitatione</span> <span class='ocrx_word' id='word_1_127' title='bbox 652 1346 908 1396; x_wconf 90' lang='lat' dir='ltr'>communi</span> <span class='ocrx_word' id='word_1_128' title='bbox 955 1346 1076 1396; x_wconf 89' lang='lat' dir='ltr'>istos</span> <span class='ocrx_word' id='word_1_129' title='bbox 1123 1346 1327 1410; x_wconf 91' lang='lat' dir='ltr'>quidem</span> <span class='ocrx_word' id='word_1_130' title='bbox 1377 1344 1613 1415; x_wconf 91' lang='lat' dir='ltr'>[nostros]</span> <span class='ocrx_word' id='word_1_131' title='bbox 1656 1348 1933 1398; x_wconf 89' lang='lat' dir='ltr'>verberabit</span> 
     </span>
    </p>
   </div>
   <div class='ocr_carea' id='block_1_6' title="bbox 94 1427 1934 1494">
    <p class='ocr_par' dir='ltr' id='par_1_6' title="bbox 94 1427 1934 1494">
     <span class='ocr_line' id='line_1_17' title="bbox 94 1427 1934 1494; baseline 0.004 -22"><span class='ocrx_word' id='word_1_132' title='bbox 94 1467 99 1472; x_wconf 85' lang='lat'><em>.</em></span> <span class='ocrx_word' id='word_1_133' title='bbox 183 1448 232 1492; x_wconf 81' lang='lat'>¹5</span> <span class='ocrx_word' id='word_1_134' title='bbox 255 1443 420 1492; x_wconf 92' lang='lat' dir='ltr'>neque</span> <span class='ocrx_word' id='word_1_135' title='bbox 466 1444 520 1478; x_wconf 89' lang='lat' dir='ltr'>se</span> <span class='ocrx_word' id='word_1_136' title='bbox 559 1427 626 1477; x_wconf 90' lang='lat' dir='ltr'>ab</span> <span class='ocrx_word' id='word_1_137' title='bbox 671 1427 742 1478; x_wconf 90' lang='lat' dir='ltr'>eis</span> <span class='ocrx_word' id='word_1_138' title='bbox 789 1427 1044 1478; x_wconf 91' lang='lat' dir='ltr'>contemni</span> <span class='ocrx_word' id='word_1_139' title='bbox 1090 1444 1149 1477; x_wconf 92' lang='lat' dir='ltr'>ac</span> <span class='ocrx_word' id='word_1_140' title='bbox 1195 1427 1385 1493; x_wconf 91' lang='lat' dir='ltr'>despici</span> <span class='ocrx_word' id='word_1_141' title='bbox 1426 1428 1552 1479; x_wconf 89' lang='lat' dir='ltr'>sinet</span> <span class='ocrx_word' id='word_1_142' title='bbox 1569 1447 1583 1490; x_wconf 80' lang='lat'>3</span> <span class='ocrx_word' id='word_1_143' title='bbox 1640 1429 1716 1478; x_wconf 89' lang='lat' dir='ltr'>sin</span> <span class='ocrx_word' id='word_1_144' title='bbox 1757 1429 1934 1494; x_wconf 90' lang='lat' dir='ltr'>aliquis</span> 
     </span>
    </p>
   </div>
   <div class='ocr_carea' id='block_1_7' title="bbox 171 1508 1936 2715">
    <p class='ocr_par' dir='ltr' id='par_1_7' title="bbox 171 1508 1936 2715">
     <span class='ocr_line' id='line_1_18' title="bbox 254 1508 1934 1574; baseline 0.002 -15"><span class='ocrx_word' id='word_1_145' title='bbox 254 1508 490 1559; x_wconf 86' lang='lat' dir='ltr'>exstiterit</span> <span class='ocrx_word' id='word_1_146' title='bbox 520 1508 805 1574; x_wconf 87' lang='lat' dir='ltr'>aliquand0,</span> <span class='ocrx_word' id='word_1_147' title='bbox 833 1509 918 1573; x_wconf 93' lang='lat' dir='ltr'>qui</span> <span class='ocrx_word' id='word_1_148' title='bbox 943 1508 1229 1559; x_wconf 91' lang='lat' dir='ltr'>Aristotelio</span> <span class='ocrx_word' id='word_1_149' title='bbox 1265 1526 1402 1559; x_wconf 90' lang='lat' dir='ltr'>more</span> <span class='ocrx_word' id='word_1_150' title='bbox 1434 1512 1499 1560; x_wconf 90' lang='lat' dir='ltr'>de</span> <span class='ocrx_word' id='word_1_151' title='bbox 1530 1510 1763 1561; x_wconf 90' lang='lat' dir='ltr'>omnibus</span> <span class='ocrx_word' id='word_1_152' title='bbox 1788 1512 1934 1562; x_wconf 92' lang='lat' dir='ltr'>rebus</span> 
     </span>
     <span class='ocr_line' id='line_1_19' title="bbox 254 1589 1935 1657; baseline 0.002 -18"><span class='ocrx_word' id='word_1_153' title='bbox 254 1589 307 1639; x_wconf 92' lang='lat' dir='ltr'>in</span> <span class='ocrx_word' id='word_1_154' title='bbox 347 1599 610 1656; x_wconf 88' lang='lat' dir='ltr'>utramque</span> <span class='ocrx_word' id='word_1_155' title='bbox 651 1600 842 1656; x_wconf 90' lang='lat' dir='ltr'>partem</span> <span class='ocrx_word' id='word_1_156' title='bbox 885 1590 1040 1657; x_wconf 90' lang='lat' dir='ltr'>possit</span> <span class='ocrx_word' id='word_1_157' title='bbox 1082 1590 1247 1641; x_wconf 90' lang='lat' dir='ltr'>dicere</span> <span class='ocrx_word' id='word_1_158' title='bbox 1282 1600 1331 1640; x_wconf 92' lang='lat' dir='ltr'>et</span> <span class='ocrx_word' id='word_1_159' title='bbox 1367 1591 1419 1641; x_wconf 90' lang='lat' dir='ltr'>in</span> <span class='ocrx_word' id='word_1_160' title='bbox 1454 1592 1592 1641; x_wconf 91' lang='lat' dir='ltr'>omni</span> <span class='ocrx_word' id='word_1_161' title='bbox 1627 1609 1776 1643; x_wconf 91' lang='lat' dir='ltr'>causa</span> <span class='ocrx_word' id='word_1_162' title='bbox 1810 1594 1935 1643; x_wconf 91' lang='lat' dir='ltr'>duas</span> 
     </span>
     <span class='ocr_line' id='line_1_20' title="bbox 254 1671 1935 1739; baseline 0.001 -17"><span class='ocrx_word' id='word_1_163' title='bbox 254 1671 522 1722; x_wconf 89' lang='lat' dir='ltr'>contrarias</span> <span class='ocrx_word' id='word_1_164' title='bbox 558 1672 817 1734; x_wconf 82' lang='lat' dir='ltr'>orationeS,</span> <span class='ocrx_word' id='word_1_165' title='bbox 854 1672 1128 1738; x_wconf 90' lang='lat' dir='ltr'>praeceptis</span> <span class='ocrx_word' id='word_1_166' title='bbox 1164 1672 1293 1722; x_wconf 91' lang='lat' dir='ltr'>illius</span> <span class='ocrx_word' id='word_1_167' title='bbox 1322 1673 1544 1738; x_wconf 82' lang='lat' dir='ltr'>cognitiS,</span> <span class='ocrx_word' id='word_1_168' title='bbox 1577 1674 1818 1739; x_wconf 86' lang='lat' dir='ltr'>explicare</span> <span class='ocrx_word' id='word_1_169' title='bbox 1849 1684 1935 1724; x_wconf 93' lang='lat' dir='ltr'>aut</span> 
     </span>
     <span class='ocr_line' id='line_1_21' title="bbox 253 1754 1936 1820; baseline 0.001 -16"><span class='ocrx_word' id='word_1_170' title='bbox 253 1755 352 1804; x_wconf 90' lang='lat' dir='ltr'>hoc</span> <span class='ocrx_word' id='word_1_171' title='bbox 375 1755 626 1806; x_wconf 89' lang='lat' dir='ltr'>Arcesilae</span> <span class='ocrx_word' id='word_1_172' title='bbox 651 1757 806 1806; x_wconf 92' lang='lat' dir='ltr'>modo</span> <span class='ocrx_word' id='word_1_173' title='bbox 835 1765 885 1805; x_wconf 89' lang='lat' dir='ltr'>et</span> <span class='ocrx_word' id='word_1_174' title='bbox 910 1754 1157 1806; x_wconf 90' lang='lat' dir='ltr'>Carneadi</span> <span class='ocrx_word' id='word_1_175' title='bbox 1192 1763 1364 1804; x_wconf 92' lang='lat' dir='ltr'>contra</span> <span class='ocrx_word' id='word_1_176' title='bbox 1396 1772 1561 1817; x_wconf 90' lang='lat' dir='ltr'>omne,</span> <span class='ocrx_word' id='word_1_177' title='bbox 1587 1758 1724 1819; x_wconf 92' lang='lat' dir='ltr'>quod</span> <span class='ocrx_word' id='word_1_178' title='bbox 1759 1773 1936 1820; x_wconf 92' lang='lat' dir='ltr'>propo-</span> 
     </span>
     <span class='ocr_line' id='line_1_22' title="bbox 179 1836 1934 1902; baseline 0.001 -17"><span class='ocrx_word' id='word_1_179' title='bbox 179 1855 232 1885; x_wconf 66' lang='grc' dir='ltr'>ιο</span> <span class='ocrx_word' id='word_1_180' title='bbox 253 1836 403 1887; x_wconf 91' lang='lat' dir='ltr'>situm</span> <span class='ocrx_word' id='word_1_181' title='bbox 439 1836 518 1900; x_wconf 91' lang='lat' dir='ltr'>sit,</span> <span class='ocrx_word' id='word_1_182' title='bbox 541 1838 762 1899; x_wconf 88' lang='lat' dir='ltr'>disserat,</span> <span class='ocrx_word' id='word_1_183' title='bbox 791 1837 977 1902; x_wconf 90' lang='lat' dir='ltr'>quique</span> <span class='ocrx_word' id='word_1_184' title='bbox 1013 1838 1079 1887; x_wconf 91' lang='lat' dir='ltr'>ad</span> <span class='ocrx_word' id='word_1_185' title='bbox 1113 1853 1225 1886; x_wconf 91' lang='lat' dir='ltr'>eam</span> <span class='ocrx_word' id='word_1_186' title='bbox 1260 1836 1502 1886; x_wconf 91' lang='lat' dir='ltr'>rationem</span> <span class='ocrx_word' id='word_1_187' title='bbox 1531 1837 1767 1901; x_wconf 89' lang='lat' dir='ltr'>adiungat</span> <span class='ocrx_word' id='word_1_188' title='bbox 1799 1839 1934 1887; x_wconf 91' lang='lat' dir='ltr'>hunc</span> 
     </span>
     <span class='ocr_line' id='line_1_23' title="bbox 253 1915 1935 1987; baseline 0.001 -20"><span class='ocrx_word' id='word_1_189' title='bbox 253 1915 596 1987; x_wconf 89' lang='lat' dir='ltr'>[rhetoricum]</span> <span class='ocrx_word' id='word_1_190' title='bbox 626 1937 773 1970; x_wconf 91' lang='lat' dir='ltr'>usum</span> <span class='ocrx_word' id='word_1_191' title='bbox 809 1916 1141 1986; x_wconf 90' lang='lat' dir='ltr'>[moremque]</span> <span class='ocrx_word' id='word_1_192' title='bbox 1179 1918 1681 1983; x_wconf 87' lang='lat' dir='ltr'>exercitationemque</span> <span class='ocrx_word' id='word_1_193' title='bbox 1716 1919 1935 1981; x_wconf 90' lang='lat' dir='ltr'>dicendi,</span> 
     </span>
     <span class='ocr_line' id='line_1_24' title="bbox 250 1997 1935 2066; baseline 0.002 -18"><span class='ocrx_word' id='word_1_194' title='bbox 250 1997 292 2048; x_wconf 92' lang='lat' dir='ltr'>is</span> <span class='ocrx_word' id='word_1_195' title='bbox 320 1999 383 2049; x_wconf 92' lang='lat' dir='ltr'>sit</span> <span class='ocrx_word' id='word_1_196' title='bbox 410 2017 570 2063; x_wconf 83' lang='lat' dir='ltr'>veruS,</span> <span class='ocrx_word' id='word_1_197' title='bbox 602 2000 644 2051; x_wconf 92' lang='lat' dir='ltr'>is</span> <span class='ocrx_word' id='word_1_198' title='bbox 676 2002 940 2066; x_wconf 84' lang='lat' dir='ltr'>perfectuS,</span> <span class='ocrx_word' id='word_1_199' title='bbox 964 2000 1006 2050; x_wconf 90' lang='lat' dir='ltr'>is</span> <span class='ocrx_word' id='word_1_200' title='bbox 1043 2001 1177 2049; x_wconf 89' lang='lat' dir='ltr'>solus</span> <span class='ocrx_word' id='word_1_201' title='bbox 1210 2009 1384 2049; x_wconf 90' lang='lat' dir='ltr'>orator.</span> <span class='ocrx_word' id='word_1_202' title='bbox 1460 2001 1592 2049; x_wconf 91' lang='lat' dir='ltr'>Nam</span> <span class='ocrx_word' id='word_1_203' title='bbox 1628 2017 1792 2064; x_wconf 90' lang='lat' dir='ltr'>neque</span> <span class='ocrx_word' id='word_1_204' title='bbox 1828 2000 1935 2052; x_wconf 91' lang='lat' dir='ltr'>sine</span> 
     </span>
     <span class='ocr_line' id='line_1_25' title="bbox 249 2080 1934 2146; baseline 0.002 -17"><span class='ocrx_word' id='word_1_205' title='bbox 249 2080 529 2132; x_wconf 91' lang='lat' dir='ltr'>forensibus</span> <span class='ocrx_word' id='word_1_206' title='bbox 552 2081 714 2133; x_wconf 90' lang='lat' dir='ltr'>nervis</span> <span class='ocrx_word' id='word_1_207' title='bbox 738 2082 854 2132; x_wconf 90' lang='lat' dir='ltr'>satis</span> <span class='ocrx_word' id='word_1_208' title='bbox 879 2084 1148 2132; x_wconf 91' lang='lat' dir='ltr'>vehemens</span> <span class='ocrx_word' id='word_1_209' title='bbox 1186 2090 1235 2131; x_wconf 90' lang='lat' dir='ltr'>et</span> <span class='ocrx_word' id='word_1_210' title='bbox 1263 2081 1420 2146; x_wconf 88' lang='lat' dir='ltr'>gravis</span> <span class='ocrx_word' id='word_1_211' title='bbox 1445 2098 1538 2131; x_wconf 93' lang='lat' dir='ltr'>nec</span> <span class='ocrx_word' id='word_1_212' title='bbox 1572 2082 1677 2132; x_wconf 89' lang='lat' dir='ltr'>sine</span> <span class='ocrx_word' id='word_1_213' title='bbox 1701 2082 1934 2133; x_wconf 92' lang='lat' dir='ltr'>varietate</span> 
     </span>
     <span class='ocr_line' id='line_1_26' title="bbox 249 2162 1934 2229; baseline 0.001 -17"><span class='ocrx_word' id='word_1_214' title='bbox 249 2162 506 2213; x_wconf 91' lang='lat' dir='ltr'>doctrinae</span> <span class='ocrx_word' id='word_1_215' title='bbox 534 2163 652 2214; x_wconf 87' lang='lat' dir='ltr'>satis</span> <span class='ocrx_word' id='word_1_216' title='bbox 686 2164 869 2229; x_wconf 90' lang='lat' dir='ltr'>politus</span> <span class='ocrx_word' id='word_1_217' title='bbox 906 2173 955 2214; x_wconf 93' lang='lat' dir='ltr'>et</span> <span class='ocrx_word' id='word_1_218' title='bbox 991 2163 1189 2228; x_wconf 90' lang='lat' dir='ltr'>sapiens</span> <span class='ocrx_word' id='word_1_219' title='bbox 1226 2180 1334 2213; x_wconf 88' lang='lat' dir='ltr'>esse</span> <span class='ocrx_word' id='word_1_220' title='bbox 1370 2172 1533 2213; x_wconf 90' lang='lat' dir='ltr'>orator</span> <span class='ocrx_word' id='word_1_221' title='bbox 1566 2173 1743 2228; x_wconf 88' lang='lat' dir='ltr'>potest.</span> <span class='ocrx_word' id='word_1_222' title='bbox 1818 2167 1934 2228; x_wconf 87' lang='lat' dir='ltr'>Qua</span> 
     </span>
     <span class='ocr_line' id='line_1_27' title="bbox 176 2244 1933 2310; baseline 0.003 -20"><span class='ocrx_word' id='word_1_223' title='bbox 176 2260 226 2303; x_wconf 80' lang='lat'>²5</span> <span class='ocrx_word' id='word_1_224' title='bbox 250 2260 302 2294; x_wconf 92' lang='lat' dir='ltr'>re</span> <span class='ocrx_word' id='word_1_225' title='bbox 327 2245 571 2296; x_wconf 90' lang='lat' dir='ltr'>Coracem</span> <span class='ocrx_word' id='word_1_226' title='bbox 595 2244 745 2294; x_wconf 90' lang='lat' dir='ltr'>istum</span> <span class='ocrx_word' id='word_1_227' title='bbox 770 2254 986 2295; x_wconf 90' lang='lat' dir='ltr'>veterem</span> <span class='ocrx_word' id='word_1_228' title='bbox 1013 2245 1259 2310; x_wconf 89' lang='lat' dir='ltr'>patiamur</span> <span class='ocrx_word' id='word_1_229' title='bbox 1283 2261 1376 2294; x_wconf 90' lang='lat' dir='ltr'>nos</span> <span class='ocrx_word' id='word_1_230' title='bbox 1401 2244 1606 2308; x_wconf 91' lang='lat' dir='ltr'>quidem</span> <span class='ocrx_word' id='word_1_231' title='bbox 1630 2247 1792 2310; x_wconf 93' lang='lat' dir='ltr'>pullos</span> <span class='ocrx_word' id='word_1_232' title='bbox 1818 2262 1933 2296; x_wconf 90' lang='lat' dir='ltr'>suos</span> 
     </span>
     <span class='ocr_line' id='line_1_28' title="bbox 250 2324 1931 2390; baseline 0.002 -16"><span class='ocrx_word' id='word_1_233' title='bbox 250 2326 511 2375; x_wconf 87' lang='lat' dir='ltr'>excludere</span> <span class='ocrx_word' id='word_1_234' title='bbox 534 2324 587 2374; x_wconf 93' lang='lat' dir='ltr'>in</span> <span class='ocrx_word' id='word_1_235' title='bbox 619 2325 752 2385; x_wconf 90' lang='lat' dir='ltr'>nido,</span> <span class='ocrx_word' id='word_1_236' title='bbox 781 2325 867 2390; x_wconf 90' lang='lat' dir='ltr'>qui</span> <span class='ocrx_word' id='word_1_237' title='bbox 899 2328 1097 2376; x_wconf 89' lang='lat' dir='ltr'>evolent</span> <span class='ocrx_word' id='word_1_238' title='bbox 1135 2327 1427 2376; x_wconf 91' lang='lat' dir='ltr'>clamatores</span> <span class='ocrx_word' id='word_1_239' title='bbox 1454 2326 1615 2376; x_wconf 93' lang='lat' dir='ltr'>odiosi</span> <span class='ocrx_word' id='word_1_240' title='bbox 1638 2343 1697 2376; x_wconf 91' lang='lat' dir='ltr'>ac</span> <span class='ocrx_word' id='word_1_241' title='bbox 1722 2327 1931 2389; x_wconf 90' lang='lat' dir='ltr'>molesti,</span> 
     </span>
     <span class='ocr_line' id='line_1_29' title="bbox 250 2406 1933 2472; baseline 0.002 -17"><span class='ocrx_word' id='word_1_242' title='bbox 250 2406 669 2471; x_wconf 90' lang='lat' dir='ltr'>Pamphilumque</span> <span class='ocrx_word' id='word_1_243' title='bbox 700 2407 870 2457; x_wconf 90' lang='lat' dir='ltr'>nescio</span> <span class='ocrx_word' id='word_1_244' title='bbox 903 2425 1053 2472; x_wconf 92' lang='lat' dir='ltr'>quem</span> <span class='ocrx_word' id='word_1_245' title='bbox 1084 2407 1303 2457; x_wconf 81' lang='lat' dir='ltr'>sinamus</span> <span class='ocrx_word' id='word_1_246' title='bbox 1338 2407 1390 2456; x_wconf 91' lang='lat' dir='ltr'>in</span> <span class='ocrx_word' id='word_1_247' title='bbox 1427 2407 1591 2458; x_wconf 91' lang='lat' dir='ltr'>infulis</span> <span class='ocrx_word' id='word_1_248' title='bbox 1616 2417 1804 2458; x_wconf 92' lang='lat' dir='ltr'>tantam</span> <span class='ocrx_word' id='word_1_249' title='bbox 1829 2427 1933 2459; x_wconf 90' lang='lat' dir='ltr'>rem</span> 
     </span>
     <span class='ocr_line' id='line_1_30' title="bbox 249 2487 1934 2555; baseline 0.002 -19"><span class='ocrx_word' id='word_1_250' title='bbox 249 2494 505 2552; x_wconf 88' lang='lat' dir='ltr'>tamquam</span> <span class='ocrx_word' id='word_1_251' title='bbox 546 2487 745 2552; x_wconf 91' lang='lat' dir='ltr'>puerilis</span> <span class='ocrx_word' id='word_1_252' title='bbox 781 2488 982 2539; x_wconf 87' lang='lat' dir='ltr'>delicias</span> <span class='ocrx_word' id='word_1_253' title='bbox 1030 2489 1220 2554; x_wconf 92' lang='lat' dir='ltr'>aliquas</span> <span class='ocrx_word' id='word_1_254' title='bbox 1258 2488 1560 2554; x_wconf 82' lang='lat' dir='ltr'>depingere3</span> <span class='ocrx_word' id='word_1_255' title='bbox 1610 2507 1803 2554; x_wconf 91' lang='lat' dir='ltr'>nosque</span> <span class='ocrx_word' id='word_1_256' title='bbox 1840 2490 1934 2555; x_wconf 92' lang='lat' dir='ltr'>ipsi</span> 
     </span>
     <span class='ocr_line' id='line_1_31' title="bbox 249 2568 1933 2634; baseline 0.003 -18"><span class='ocrx_word' id='word_1_257' title='bbox 249 2568 344 2617; x_wconf 90' lang='lat' dir='ltr'>hac</span> <span class='ocrx_word' id='word_1_258' title='bbox 397 2578 499 2618; x_wconf 91' lang='lat' dir='ltr'>tam</span> <span class='ocrx_word' id='word_1_259' title='bbox 554 2569 728 2634; x_wconf 89' lang='lat' dir='ltr'>exigua</span> <span class='ocrx_word' id='word_1_260' title='bbox 781 2569 1117 2634; x_wconf 90' lang='lat' dir='ltr'>disputatione</span> <span class='ocrx_word' id='word_1_261' title='bbox 1176 2571 1392 2621; x_wconf 91' lang='lat' dir='ltr'>hesterni</span> <span class='ocrx_word' id='word_1_262' title='bbox 1446 2580 1496 2620; x_wconf 93' lang='lat' dir='ltr'>et</span> <span class='ocrx_word' id='word_1_263' title='bbox 1552 2571 1779 2622; x_wconf 91' lang='lat' dir='ltr'>hodierni</span> <span class='ocrx_word' id='word_1_264' title='bbox 1835 2572 1933 2623; x_wconf 90' lang='lat' dir='ltr'>diei</span> 
     </span>
     <span class='ocr_line' id='line_1_32' title="bbox 171 2650 1934 2715; baseline 0.004 -19"><span class='ocrx_word' id='word_1_265' title='bbox 171 2665 226 2706; x_wconf 80' lang='lat'>30</span> <span class='ocrx_word' id='word_1_266' title='bbox 248 2657 411 2698; x_wconf 91' lang='lat' dir='ltr'>totum</span> <span class='ocrx_word' id='word_1_267' title='bbox 442 2650 647 2700; x_wconf 88' lang='lat' dir='ltr'>oratoris</span> <span class='ocrx_word' id='word_1_268' title='bbox 683 2668 864 2700; x_wconf 90' lang='lat' dir='ltr'>munus</span> <span class='ocrx_word' id='word_1_269' title='bbox 900 2651 1218 2715; x_wconf 83' lang='lat' dir='ltr'>explicemus,</span> <span class='ocrx_word' id='word_1_270' title='bbox 1242 2653 1365 2702; x_wconf 92' lang='lat' dir='ltr'>dum</span> <span class='ocrx_word' id='word_1_271' title='bbox 1401 2653 1555 2702; x_wconf 92' lang='lat' dir='ltr'>modo</span> <span class='ocrx_word' id='word_1_272' title='bbox 1589 2652 1671 2702; x_wconf 91' lang='lat' dir='ltr'>illa</span> <span class='ocrx_word' id='word_1_273' title='bbox 1696 2670 1771 2703; x_wconf 90' lang='lat' dir='ltr'>res</span> <span class='ocrx_word' id='word_1_274' title='bbox 1797 2663 1934 2703; x_wconf 89' lang='lat' dir='ltr'>tanta</span> 
     </span>
    </p>
   </div>
   <div class='ocr_carea' id='block_1_8' title="bbox 245 2779 1932 3109">
    <p class='ocr_par' dir='ltr' id='par_1_8' title="bbox 245 2779 1932 3109">
     <span class='ocr_line' id='line_1_33' title="bbox 302 2779 1931 2837; baseline 0.004 -18"><span class='ocrx_word' id='word_1_275' title='bbox 302 2790 328 2830; x_wconf 87' lang='lat'>5</span> <span class='ocrx_word' id='word_1_276' title='bbox 358 2779 575 2820; x_wconf 87' lang='lat' dir='ltr'>hominum</span> <span class='ocrx_word' id='word_1_277' title='bbox 607 2780 741 2820; x_wconf 87' lang='lat' dir='ltr'>Stoici</span> <span class='ocrx_word' id='word_1_278' title='bbox 769 2780 910 2822; x_wconf 89' lang='lat' dir='ltr'>codd.:</span> <span class='ocrx_word' id='word_1_279' title='bbox 950 2781 1038 2822; x_wconf 86' lang='lat' dir='ltr'>secl.</span> <span class='ocrx_word' id='word_1_280' title='bbox 1063 2781 1202 2822; x_wconf 87' lang='lat' dir='ltr'>Bake:</span> <span class='ocrx_word' id='word_1_281' title='bbox 1245 2782 1442 2823; x_wconf 90' lang='lat' dir='ltr'>homines</span> <span class='ocrx_word' id='word_1_282' title='bbox 1474 2783 1606 2823; x_wconf 88' lang='lat' dir='ltr'>Stoici</span> <span class='ocrx_word' id='word_1_283' title='bbox 1636 2785 1778 2837; x_wconf 66' lang='lat' dir='ltr'><em>vulg:</em></span> <span class='ocrx_word' id='word_1_284' title='bbox 1816 2785 1931 2825; x_wconf 90' lang='lat' dir='ltr'>omni</span> 
     </span>
     <span class='ocr_line' id='line_1_34' title="bbox 249 2834 1930 2890; baseline 0.004 -17"><span class='ocrx_word' id='word_1_285' title='bbox 249 2834 400 2874; x_wconf 81' lang='lat' dir='ltr'>malim</span> <span class='ocrx_word' id='word_1_286' title='bbox 588 2847 637 2874; x_wconf 83' lang='lat'>12</span> <span class='ocrx_word' id='word_1_287' title='bbox 667 2835 752 2875; x_wconf 91' lang='lat' dir='ltr'>Hic</span> <span class='ocrx_word' id='word_1_288' title='bbox 773 2835 885 2876; x_wconf 87' lang='lat' dir='ltr'>codd.</span> <span class='ocrx_word' id='word_1_289' title='bbox 908 2849 990 2875; x_wconf 86' lang='lat' dir='ltr'>non</span> <span class='ocrx_word' id='word_1_290' title='bbox 1011 2837 1142 2876; x_wconf 83' lang='lat' dir='ltr'><em>nulli:</em></span> <span class='ocrx_word' id='word_1_291' title='bbox 1173 2836 1260 2876; x_wconf 93' lang='lat' dir='ltr'>Hic</span> <span class='ocrx_word' id='word_1_292' title='bbox 1279 2837 1348 2877; x_wconf 91' lang='lat' dir='ltr'>hic</span> <span class='ocrx_word' id='word_1_293' title='bbox 1369 2837 1481 2877; x_wconf 90' lang='lat' dir='ltr'>codd.</span> <span class='ocrx_word' id='word_1_294' title='bbox 1498 2839 1679 2890; x_wconf 79' lang='lat' dir='ltr'>plerique</span> <span class='ocrx_word' id='word_1_295' title='bbox 1698 2854 1707 2879; x_wconf 93' lang='lat'><strong>:</strong></span> <span class='ocrx_word' id='word_1_296' title='bbox 1742 2839 1840 2879; x_wconf 89' lang='lat' dir='ltr'>hinc</span> <span class='ocrx_word' id='word_1_297' title='bbox 1862 2839 1930 2879; x_wconf 88' lang='lat' dir='ltr'>hic</span> 
     </span>
     <span class='ocr_line' id='line_1_35' title="bbox 245 2887 1931 2942; baseline 0.004 -15"><span class='ocrx_word' id='word_1_298' title='bbox 245 2887 394 2928; x_wconf 79' lang='lat' dir='ltr'>Pearoe</span> <span class='ocrx_word' id='word_1_299' title='bbox 525 2901 574 2939; x_wconf 90' lang='lat'>14</span> <span class='ocrx_word' id='word_1_300' title='bbox 605 2897 775 2930; x_wconf 86' lang='lat' dir='ltr'>nostros</span> <span class='ocrx_word' id='word_1_301' title='bbox 797 2889 910 2930; x_wconf 87' lang='lat' dir='ltr'>codd.</span> <span class='ocrx_word' id='word_1_302' title='bbox 932 2890 1018 2931; x_wconf 87' lang='lat' dir='ltr'>secl.</span> <span class='ocrx_word' id='word_1_303' title='bbox 1041 2890 1232 2931; x_wconf 80' lang='lat' dir='ltr'>Ernesti:</span> <span class='ocrx_word' id='word_1_304' title='bbox 1264 2891 1546 2942; x_wconf 89' lang='lat' dir='ltr'>philosophos</span> <span class='ocrx_word' id='word_1_305' title='bbox 1567 2892 1747 2933; x_wconf 81' lang='lat' dir='ltr'>Piderit:</span> <span class='ocrx_word' id='word_1_306' title='bbox 1782 2895 1931 2934; x_wconf 90' lang='lat' dir='ltr'>doctos</span> 
     </span>
     <span class='ocr_line' id='line_1_36' title="bbox 246 2940 1931 2999; baseline 0.004 -17"><span class='ocrx_word' id='word_1_307' title='bbox 246 2940 396 2992; x_wconf 76' lang='lat' dir='ltr'>Soros:</span> <span class='ocrx_word' id='word_1_308' title='bbox 428 2943 656 2994; x_wconf 83' lang='lat' dir='ltr'>magistros</span> <span class='ocrx_word' id='word_1_309' title='bbox 674 2943 811 2983; x_wconf 84' lang='lat' dir='ltr'>Adler</span> <span class='ocrx_word' id='word_1_310' title='bbox 933 2957 982 2984; x_wconf 82' lang='lat'>21</span> <span class='ocrx_word' id='word_1_311' title='bbox 1016 2944 1271 2985; x_wconf 87' lang='lat' dir='ltr'>rhetoricum</span> <span class='ocrx_word' id='word_1_312' title='bbox 1291 2946 1377 2985; x_wconf 85' lang='lat' dir='ltr'>secl.</span> <span class='ocrx_word' id='word_1_313' title='bbox 1401 2945 1557 2986; x_wconf 71' lang='lat' dir='ltr'>Schatz</span> <span class='ocrx_word' id='word_1_314' title='bbox 1685 2961 1931 2999; x_wconf 86' lang='lat' dir='ltr'>moremque</span> 
     </span>
     <span class='ocr_line' id='line_1_37' title="bbox 246 2996 1932 3050; baseline 0.005 -14"><span class='ocrx_word' id='word_1_315' title='bbox 246 2996 387 3037; x_wconf 82' lang='lat' dir='ltr'>delevit</span> <span class='ocrx_word' id='word_1_316' title='bbox 403 2996 643 3038; x_wconf 82' lang='lat' dir='ltr'>Lambinus</span> <span class='ocrx_word' id='word_1_317' title='bbox 779 3011 832 3037; x_wconf 85' lang='lat'>22</span> <span class='ocrx_word' id='word_1_318' title='bbox 859 2997 915 3038; x_wconf 89' lang='lat' dir='ltr'>sit</span> <span class='ocrx_word' id='word_1_319' title='bbox 935 2999 1046 3040; x_wconf 88' lang='lat' dir='ltr'>codd.</span> <span class='ocrx_word' id='word_1_320' title='bbox 1069 3013 1079 3038; x_wconf 94' lang='lat'><strong>:</strong></span> <span class='ocrx_word' id='word_1_321' title='bbox 1109 3000 1189 3038; x_wconf 88' lang='lat' dir='ltr'>erit</span> <span class='ocrx_word' id='word_1_322' title='bbox 1207 2999 1320 3039; x_wconf 86' lang='lat' dir='ltr'>Bake</span> <span class='ocrx_word' id='word_1_323' title='bbox 1458 3013 1510 3050; x_wconf 84' lang='lat'>25</span> <span class='ocrx_word' id='word_1_324' title='bbox 1540 3007 1732 3043; x_wconf 90' lang='lat' dir='ltr'>veterem</span> <span class='ocrx_word' id='word_1_325' title='bbox 1755 3002 1932 3044; x_wconf 85' lang='lat' dir='ltr'>Pearce:</span> 
     </span>
     <span class='ocr_line' id='line_1_38' title="bbox 245 3051 1631 3109; baseline 0.004 -18"><span class='ocrx_word' id='word_1_326' title='bbox 245 3057 435 3092; x_wconf 84' lang='lat' dir='ltr'>vestrum</span> <span class='ocrx_word' id='word_1_327' title='bbox 455 3051 570 3095; x_wconf 83' lang='lat' dir='ltr'>codd.</span> <span class='ocrx_word' id='word_1_328' title='bbox 735 3055 790 3093; x_wconf 77' lang='lat'>26</span> <span class='ocrx_word' id='word_1_329' title='bbox 817 3053 1047 3094; x_wconf 85' lang='lat' dir='ltr'>excludere</span> <span class='ocrx_word' id='word_1_330' title='bbox 1067 3053 1177 3094; x_wconf 88' lang='lat' dir='ltr'>codd.</span> <span class='ocrx_word' id='word_1_331' title='bbox 1198 3068 1208 3094; x_wconf 76' lang='lat' dir='ltr'><em>z</em></span> <span class='ocrx_word' id='word_1_332' title='bbox 1240 3056 1453 3095; x_wconf 89' lang='lat' dir='ltr'>excudere</span> <span class='ocrx_word' id='word_1_333' title='bbox 1473 3056 1631 3109; x_wconf 82' lang='lat' dir='ltr'><em>Stangl</em></span> 
     </span>
    </p>
   </div>
   <div class='ocr_carea' id='block_1_9' title="bbox 1954 714 2004 759">
    <p class='ocr_par' dir='ltr' id='par_1_9' title="bbox 1954 714 2004 759">
     <span class='ocr_line' id='line_1_39' title="bbox 1954 714 2004 759; baseline 0.04 -2"><span class='ocrx_word' id='word_1_334' title='bbox 1954 714 2004 759; x_wconf 93' lang='grc'>79</span> 
     </span>
    </p>
   </div>
   <div class='ocr_carea' id='block_1_10' title="bbox 1956 1441 2010 1482">
    <p class='ocr_par' dir='ltr' id='par_1_10' title="bbox 1956 1441 2010 1482">
     <span class='ocr_line' id='line_1_40' title="bbox 1956 1441 2010 1482; baseline -0.037 0"><span class='ocrx_word' id='word_1_335' title='bbox 1956 1441 2010 1482; x_wconf 87' lang='lat'>80</span> 
     </span>
    </p>
   </div>
   <div class='ocr_carea' id='block_1_11' title="bbox 1956 2171 2006 2213">
    <p class='ocr_par' dir='ltr' id='par_1_11' title="bbox 1956 2171 2006 2213">
     <span class='ocr_line' id='line_1_41' title="bbox 1956 2171 2006 2213; baseline 0 0"><span class='ocrx_word' id='word_1_336' title='bbox 1956 2171 2006 2213; x_wconf 91' lang='lat'>81</span> 
     </span>
    </p>
   </div>
  </div>
 </body>
</html>
