2150 3444
734 134 828 184 DE
863 133 1206 186 ORATORE
1277 134 1359 183 III

212 273 311 325 iam
338 275 561 326 defessus
594 284 644 325 et
679 274 719 324 si
757 274 848 324 tibi
881 291 983 324 non
1018 271 1189 339 graves
1227 289 1416 334 sumUS,
1441 274 1564 322 refer
1596 274 1659 323 ad
1694 273 1776 322 illa
1812 282 1873 335 te,

210 364 339 422 quae
361 357 427 408 ad
459 355 612 422 ipsius
641 356 875 407 orationis
907 357 1108 407 laudem
1141 357 1561 420 splendoremque
1600 355 1879 419 pertinent3

209 454 339 503 quae
379 454 474 503 ego
513 456 573 489 ex
611 448 659 488 te
696 438 868 489 audire
904 437 1051 499 volui,
1079 454 1181 487 non
1223 446 1278 486 ut
1319 438 1630 500 desperarem
1666 453 1745 485 me
1781 438 1876 485 elo-

156 509 164 527 *
209 518 464 583 quentiam
488 520 728 585 consequi
753 537 912 585 posse,
934 522 1023 570 sed
1046 529 1101 569 ut
1124 519 1312 583 aliquid
1336 517 1674 567 addiscerem.'
1744 519 1789 564 T
1793 534 1876 565 um

161 614 187 657 5
211 601 418 652 Crassus
455 604 788 667 ‘pervulgatas
818 618 894 651 res
930 600 1162 665 requiris'
1188 599 1349 663 inquit
1382 601 1454 648 ‘et
1490 598 1579 648 tibi
1619 615 1721 647 non
1747 597 1878 648 inco-

209 684 383 749 gnitas,
410 685 628 751 Sulpici:
669 686 780 751 quis
808 686 943 736 enim
979 687 1043 736 de
1075 685 1171 735 isto
1205 702 1383 749 genere
1417 701 1519 734 non
1555 683 1740 744 docuit,
1777 701 1880 733 non

210 765 435 828 instituit,
462 764 565 817 non
591 767 831 832 scriptum
865 767 1016 817 etiam
1049 765 1284 831 reliquit?
1355 758 1454 816 Sed
1486 782 1652 830 geram
1689 782 1878 814 morem

211 856 260 897 et
283 863 344 897 ea
365 848 636 910 dumtaxat,
658 865 787 913 quae
811 847 935 897 mihi
959 857 1080 898 nota
1104 856 1233 909 sunt,
1251 846 1463 897 breviter
1488 863 1733 911 exponam
1759 845 1848 895 tibi
1868 864 1881 906 3

211 929 430 979 censebo
467 938 636 980 tamen
682 931 748 981 ad
786 947 887 991 eOS‚
930 930 1017 995 qui
1064 939 1291 980 auctores
1339 939 1388 979 et
1435 929 1716 980 inventores
1764 938 1880 979 sunt

138 1028 190 1062 ιο
211 1003 386 1059 harum
422 1027 541 1061 sane
575 1010 878 1061 minutarum
915 1029 1091 1072 rerum,
1126 1012 1485 1061 revertendum.

279 1091 459 1143 Omnis
482 1091 628 1158 igitur
652 1093 809 1144 oratio
834 1093 1094 1144 conficitur
1118 1111 1178 1143 ex
1196 1092 1357 1143 verbis
1377 1111 1391 1154 3
1427 1109 1637 1156 quorum
1664 1091 1879 1156 primum

211 1172 357 1224 nobis
380 1174 506 1225 ratio
528 1173 816 1240 simpliciter
840 1175 1056 1225 videnda
1081 1184 1171 1236 est,
1195 1174 1380 1224 deinde
1405 1174 1683 1224 coniuncte.
1747 1175 1878 1223 Nam

210 1263 286 1305 est
322 1254 527 1320 quidam
568 1265 770 1306 ornatus
811 1256 1062 1317 orationiS,
1100 1256 1187 1320 qui
1228 1273 1287 1306 ex
1329 1254 1531 1319 singulis
1572 1254 1734 1304 verbis
1776 1263 1849 1304 est
1866 1273 1880 1316 ;

209 1335 352 1399 aliuS,
375 1336 462 1402 qui
485 1354 547 1388 ex
572 1337 873 1388 continuatis
901 1335 1222 1405 [coniunctis]
1251 1346 1458 1387 constat.
1533 1339 1663 1401 Ergo
1696 1335 1880 1386 utimur

138 1435 188 1479 ¹⁴5
210 1415 372 1467 verbis
411 1426 498 1467 aut
534 1418 622 1481 εἰς,
657 1436 786 1484 quae
823 1419 1020 1484 propria
1058 1428 1172 1468 sunt
1207 1427 1257 1468 et
1293 1428 1424 1469 certa
1459 1418 1601 1483 quasi
1636 1418 1880 1468 vocabula

211 1515 390 1561 rerum,
413 1515 573 1563 paene
595 1517 696 1550 una
719 1509 836 1549 nata
860 1517 974 1550 curn
1000 1499 1146 1550 rebus
1171 1498 1290 1564 ipsis
1307 1517 1320 1561 3
1356 1508 1441 1549 aut
1465 1498 1552 1561 eiS,
1576 1515 1704 1564 quae
1730 1507 1880 1548 trans-

211 1580 433 1630 feruntur
466 1590 517 1631 et
540 1582 682 1646 quasi
716 1581 880 1632 alieno
911 1582 963 1631 in
995 1583 1109 1632 loco
1141 1583 1495 1642 conlocantur3
1531 1589 1616 1631 aut
1640 1579 1727 1642 eiS,
1751 1597 1880 1645 quae

212 1677 453 1711 novamus
499 1671 550 1712 et
590 1662 797 1713 facimus
839 1662 945 1728 ipsi.
1021 1664 1083 1712 In
1124 1662 1331 1728 propriis
1370 1662 1515 1727 igitur
1555 1670 1630 1711 est
1674 1658 1879 1728 [verbis]

211 1740 295 1792 illa
340 1744 448 1793 laus
489 1743 711 1807 oratoriS,
747 1754 801 1794 ut
838 1745 1034 1795 abiecta
1073 1753 1223 1809 atque
1264 1745 1491 1794 obsoleta
1530 1743 1699 1807 fugiat,
1739 1741 1881 1792 lectis

139 1840 193 1871 ιο
211 1832 362 1888 atque
408 1823 695 1875 inlustribus
742 1834 922 1887 utatur,
964 1825 1015 1874 in
1062 1825 1244 1889 quibus
1291 1826 1496 1889 plenum
1543 1823 1785 1888 quiddam
1832 1832 1882 1873 et

212 1921 396 1955 sonans
427 1904 591 1956 inesse
615 1906 851 1958 videatur.
925 1908 1026 1957 Sed
1058 1906 1110 1955 in
1145 1909 1243 1957 hoc
1267 1907 1530 1957 verborum
1563 1922 1742 1970 genere
1774 1921 1882 1969 pro-

211 1985 430 2050 priorum
475 1986 687 2038 dilectus
733 1997 808 2038 est
854 1988 1116 2038 habendus
1163 1987 1368 2052 quidam
1414 1996 1564 2051 atque
1606 1987 1646 2036 is
1687 1986 1880 2036 aurium

211 2058 433 2132 quodam
457 2066 644 2119 iudicio
667 2070 1021 2134 ponderandus
1046 2077 1119 2119 est
1136 2087 1151 2131 ,-
1185 2068 1238 2118 in
1262 2085 1363 2134 quo
1388 2069 1701 2119 consuetudo
1730 2067 1880 2117 etiam

213 2148 343 2198 bene
377 2149 618 2213 loquendi
651 2151 781 2200 valet
820 2149 1103 2213 plurimum.
1191 2151 1369 2214 Itaque
1410 2151 1524 2210 hoe,
1560 2150 1698 2213 quod
1734 2150 1882 2212 vulgo

139 2247 190 2290 ²5
213 2229 281 2279 de
303 2229 580 2280 oratoribus
610 2230 676 2280 ab
707 2229 946 2294 imperitis
978 2230 1079 2280 dici
1112 2232 1239 2280 solet
1263 2233 1277 2256 ‘
1295 2229 1442 2279 bonis
1475 2229 1557 2278 hic
1581 2228 1772 2290 verbiS,'
1797 2237 1884 2278 aut

213 2309 422 2374 ‘aliquis
454 2318 558 2360 non
588 2310 736 2360 bonis
765 2311 946 2372 utitur,'
970 2328 1073 2360 non
1106 2320 1209 2361 arte
1241 2310 1409 2375 aliqua
1431 2309 1764 2374 perpenditur,
1793 2311 1883 2360 sed

213 2393 435 2456 quodam
458 2390 602 2456 quasi
626 2391 837 2442 naturali
866 2409 1014 2443 sensu
1046 2392 1318 2442 iudicatur:
1356 2391 1408 2441 in
1433 2408 1535 2455 quo
1566 2409 1669 2442 non
1702 2408 1883 2456 magna

211 2473 320 2523 laus
366 2482 440 2524 est
485 2473 643 2526 vitare,
683 2473 872 2533 vitium,
922 2490 1226 2538 quamquam
1281 2482 1355 2523 est
1411 2489 1670 2538 magnum,
1710 2489 1880 2523 verum

213 2563 381 2606 tamen
418 2557 518 2606 hoc
540 2555 682 2620 quasi
714 2558 876 2606 solum
901 2557 1158 2620 quoddam
1190 2564 1340 2619 atque
1376 2556 1757 2605 fundamentum
1790 2563 1878 2615 est,

139 2652 192 2692 30
212 2637 476 2687 verborum
500 2653 619 2687 usus
644 2646 695 2687 et
726 2637 870 2702 copia
899 2637 1162 2687 bonorum.
1236 2638 1336 2687 Sed
1360 2635 1482 2700 quid
1514 2636 1620 2700 ipse
1651 2635 1882 2687 aedificet

270 2764 323 2806 M
341 2785 377 2801 =
398 2762 538 2807 AEH
719 2780 763 2806 11
796 2767 848 2806 In
869 2766 911 2806 A
934 2767 1061 2807 altera
1080 2767 1125 2806 in
1143 2766 1185 2806 E
1201 2780 1332 2806 recens
1352 2779 1511 2806 manus
1530 2766 1667 2818 incipit
1834 2777 1882 2816 14

215 2833 273 2860 ex
299 2822 486 2861 tenuatis
508 2819 600 2861 HA
621 2834 675 2871 32
814 2820 1050 2861 coniunctis
1077 2820 1132 2860 M
1148 2822 1309 2861 seclusit
1330 2821 1515 2872 Kayser:
1557 2821 1884 2871 coniunctisque

215 2873 254 2913 L
273 2875 386 2929 vagg.
497 2876 653 2916 utimur
681 2874 760 2928 Μγ
780 2891 788 2915 :
820 2882 988 2916 utemur
1007 2874 1045 2914 L
1065 2876 1177 2927 vulg.
1307 2878 1356 2915 18
1384 2876 1525 2916 verbis
1555 2889 1637 2916 om.
1660 2874 1714 2913 M
1834 2887 1884 2925 19

215 2935 344 2979 atque
363 2930 453 2970 obs.
478 2927 537 2970 Le
558 2930 668 2984 vulg.
690 2944 700 2969 t
730 2937 773 2969 et
792 2931 880 2970 obs.
904 2930 969 2969 H¹
988 2945 998 2970 ε
1026 2937 1100 2970 aut
1119 2931 1208 2970 obs.
1232 2930 1286 2969 M
1453 2943 1503 2968 21
1540 2930 1713 2971 Scilicet
1735 2930 1888 2969 maluit

213 2981 369 3036 Stangl
531 2996 583 3033 24
615 2984 764 3035 Itaque
786 2983 839 3023 M
853 2999 862 3024 z
892 2984 1029 3025 Etiam
1050 2983 1087 3023 L
1109 2984 1219 3037 vulg.
1241 2999 1250 3023 :
1277 2982 1419 3035 Atque
1442 2998 1459 3023 ε

1901 133 1971 195 36
1992 150 2070 198 14⁷

1900 490 1963 541 37

1904 558 1983 609 148

1906 1107 1986 1151 149

1910 1676 1988 1719 150

1907 2644 1987 2691 15²
