2150 3444
816 146 912 195 DE
947 146 1287 196 ORATORE
1359 146 1443 196 111
1984 154 2089 198 26·-

295 281 440 333 re'diit
476 281 660 347 dieque
704 282 918 348 septimo
964 282 1126 332 lateris
1165 282 1339 332 dolore
1377 292 1705 348 consumptus
1751 294 1839 335 est.
1912 287 2008 348 07

295 365 522 413 fallacem
568 362 830 414 hominum
876 380 1016 428 spem
1062 363 1383 428 fragilemque
1422 365 1671 414 fortunam
1712 374 1762 415 et
1802 366 1962 418 inanis

296 453 488 494 nostras
525 445 883 506 contentioneS,
910 461 1039 509 quae
1074 444 1243 495 medio
1277 443 1330 494 in
1365 445 1526 509 spatio
1562 463 1710 511 saepe
1737 449 1964 512 frangun—

297 535 376 576 tur
411 535 461 576 et
502 535 737 576 corruunt
775 535 862 576 aut
901 534 1017 575 ante
1056 523 1109 575 in
1146 525 1255 589 ipso
1296 542 1442 575 cursu
1484 527 1772 589 obruuntur,
1813 544 1963 593 quarn

249 620 274 663 5
296 615 495 672 portum
530 606 817 672 conspicere
845 609 1142 671 potuerunt!
1212 607 1346 656 Nam
1378 623 1530 671 quam
1559 608 1646 658 diu
1677 610 1838 660 Crassi
1874 610 1963 659 fuit

296 688 581 740 ambitionis
605 690 774 739 labore
792 688 891 738 vita
909 687 1142 748 districta,
1161 696 1263 737 tam
1282 688 1369 738 diu
1387 688 1586 753 privatis
1612 690 1766 754 magis
1791 692 1963 741 officiis

296 778 346 820 et
386 769 552 834 ingeni
592 770 740 819 laude
786 768 951 819 floruit
988 785 1140 833 quam
1180 770 1342 819 fructu
1382 770 1722 835 amplitudinis
1767 782 1855 822 aut
1894 773 1963 823 rei

294 850 526 914 publicae
549 849 818 915 dignitate3
853 847 939 914 qui
969 858 1137 900 autem
1161 866 1321 899 annus
1347 849 1392 900 ei
1415 851 1602 915 primus
1625 853 1690 902 ab
1714 853 1962 903 honorum

295 933 638 997 perfunctione
673 932 864 983 aditum
889 931 1115 982 omnium
1151 949 1393 983 concessu
1426 935 1492 984 ad
1528 951 1775 985 summam
1798 945 1964 985 aucto-

223 1031 274 1063 ιο
295 1013 489 1064 ritatem
513 1014 679 1075 dabat,
706 1013 746 1063 is
777 1013 881 1063 eius
915 1030 1118 1063 omnem
1143 1030 1283 1078 spem
1311 1023 1463 1079 atque
1494 1015 1664 1065 omnia
1686 1016 1817 1066 vitae
1847 1033 1963 1066 con·

295 1095 404 1145 silia
439 1103 598 1146 morte
635 1095 878 1160 pervertit.
952 1095 1066 1145 Fuit
1108 1096 1206 1145 hoc
1246 1098 1529 1146 luctuosum
1572 1096 1684 1157 suiS‚
1725 1099 1960 1148 acerbum
1984 1107 2009 1148 8

295 1176 492 1241 patriae,
520 1193 665 1241 grave
697 1175 842 1227 bonis
875 1175 1107 1226 omnibus
1125 1194 1139 1238 3
1176 1177 1264 1226 sed
1296 1175 1343 1227 ei
1374 1186 1542 1227 tamen
1573 1195 1677 1227 rem
1709 1178 1962 1243 publicam

295 1274 438 1310 casus
470 1257 627 1308 secuti
663 1267 791 1319 sunt,
819 1266 873 1307 ut
896 1256 1031 1306 ‘mihi
1067 1275 1170 1308 non
1206 1266 1374 1323 erepta
1412 1260 1466 1308 L.
1497 1260 1677 1310 Crasso
1705 1275 1735 1309 a
1763 1259 1839 1310 dis
1877 1259 1965 1309 im-

296 1338 586 1388 mortalibus
610 1338 722 1400 vita,
751 1340 840 1388 sed
869 1339 1055 1388 donata
1088 1355 1220 1388 mors
1253 1355 1362 1389 esse
1385 1339 1620 1389 videatur.
1696 1341 1815 1390 Non
1838 1339 1962 1390 vidit

223 1435 272 1478 15
295 1421 583 1484 flagrantem
623 1420 757 1470 bello
799 1419 1013 1482 Italiam,
1048 1437 1151 1470 non
1192 1421 1449 1471 ardentem
1491 1421 1676 1472 invidia
1716 1431 1961 1484 senatum,

293 1517 398 1550 non
444 1500 639 1552 sceleris
686 1500 857 1551 nefarii
904 1500 1150 1567 principes
1198 1502 1407 1552 civitatis
1454 1520 1577 1564 reoS,
1621 1521 1724 1553 non
1771 1506 1960 1554 luctum

293 1581 438 1644 filiae,
459 1598 562 1632 non
587 1581 812 1632 exsilium
836 1582 1019 1646 generi,
1036 1600 1139 1632 non
1153 1583 1524 1633 acerbissimam
1546 1585 1601 1635 C.
1626 1585 1756 1634 Mari
1775 1587 1959 1649 fugam,

292 1679 396 1712 non
419 1663 554 1713 illam
578 1672 691 1728 post
715 1663 928 1714 reditum
952 1664 1058 1714 eius
1082 1666 1288 1715 caedem
1306 1665 1532 1714 omnium
1552 1666 1956 1727 crudelissimam,

291 1760 396 1793 non
420 1743 638 1808 denique
670 1744 722 1793 in
754 1744 892 1794 omni
920 1762 1099 1810 genere
1128 1747 1456 1796 deformatam
1481 1763 1591 1796 earn
1616 1746 1882 1810 civitatem,
1906 1747 1958 1796 in

218 1839 272 1871 πο
292 1838 392 1888 qua
414 1823 520 1889 ipse
544 1825 890 1876 florentissima
913 1829 1124 1876 multum
1144 1827 1377 1877 omnibus
1405 1825 1597 1895 [gloria]
1623 1828 1957 1893 praestitisset.

359 1907 426 1956 Et
445 1905 682 1971 quoniam
706 1907 845 1972 attigi
868 1907 1167 1972 cogitatione
1185 1908 1286 1958 vim
1304 1909 1691 1975 varietatemque
1715 1913 1957 1973 fortunae,
1982 1891 2014 1938 3

288 2003 394 2038 non
430 1988 687 2053 vagabitur
722 1989 879 2039 oratio
914 2007 1027 2041 mea
1054 1990 1250 2056 longius
1288 2001 1439 2056 atque
1474 1992 1545 2042 eis
1582 1995 1683 2043 fere
1720 1993 1838 2057 ipsis
1876 1994 1959 2043 de-

287 2068 486 2120 finietur
519 2069 650 2132 viriS,
684 2070 771 2135 qui
811 2072 910 2121 hoc
946 2088 1191 2134 sermone,
1226 2089 1378 2137 quem
1419 2075 1596 2124 referre
1634 2074 1955 2139 suscepimuS,

287 2149 616 2202 continentur.
692 2151 819 2215 Quis
855 2152 990 2203 enim
1025 2170 1129 2203 non
1165 2153 1270 2203 iure
1308 2154 1507 2204 beatam
1543 2157 1598 2205 L.
1628 2155 1792 2206 Crassi
1833 2173 1958 2206 mor-

213 2242 265 2286 25
286 2239 390 2282 tem
431 2231 584 2294 illam,
621 2249 750 2297 quae
788 2243 863 2285 est
898 2252 929 2284 a
969 2235 1138 2285 multis
1180 2252 1328 2300 saepe
1368 2239 1564 2298 defleta,
1609 2236 1799 2300 dixerit,
1840 2255 1956 2288 cum

286 2316 466 2364 horum
501 2314 721 2379 ipsorum
755 2316 832 2378 sit,
856 2317 942 2381 qui
971 2326 1077 2367 tum
1107 2334 1222 2367 cum
1255 2318 1341 2368 illo
1373 2328 1678 2383 postremum
1711 2322 1810 2370 fere
1842 2337 1957 2370 con-

285 2395 440 2446 locuti
464 2406 591 2457 sunt,
620 2406 854 2447 eventum
886 2400 1208 2450 recordatus?
1278 2402 1532 2450 Tenemus
1558 2400 1691 2450 enirn
1717 2402 1956 2453 memoria

286 2477 349 2539 Q.
378 2477 628 2538 Catulum,
654 2477 812 2527 virum
845 2479 983 2528 omni
1018 2481 1166 2530 laude
1200 2489 1548 2545 praestantem,
1576 2497 1691 2530 cum
1724 2481 1818 2531 sibi
1849 2499 1952 2532 non

285 2555 589 2608 incolumem
625 2559 886 2620 fortunam,
925 2561 1014 2610 sed
1047 2560 1271 2611 exsilium
1314 2570 1362 2612 et
1394 2563 1560 2626 fugam
1593 2563 1952 2626 deprecaretur,

212 2649 266 2691 30
286 2653 395 2688 esse
429 2647 673 2700 coactum,
700 2649 755 2690 ut
783 2640 883 2691 vita
914 2658 967 2691 se
995 2642 1101 2707 ipse
1130 2643 1352 2707 privaret.
1429 2645 1537 2692 Iam
1576 2645 1648 2693 M.
1674 2643 1866 2693 Antoni
1900 2642 1952 2693 in
1977 2664 2029 2694 10

285 2718 356 2769 eis
388 2719 507 2785 ipsis
539 2720 723 2783 rostriS,
747 2721 798 2771 in
823 2722 1004 2787 quibus
1033 2723 1115 2773 ille
1143 2741 1247 2774 rern
1272 2723 1524 2789 publicam
1555 2724 1954 2774 constantissime

339 2849 394 2890 M
412 2869 447 2884 =
468 2847 606 2890 ΑΕΗ
778 2863 805 2902 3
832 2852 972 2892 medio
994 2852 1055 2893 L:
1095 2851 1297 2893 mediocri
1318 2851 1373 2892 M
1544 2866 1567 2903 7
1598 2854 1780 2895 fructum
1803 2852 1882 2906 Μγ
1900 2867 1954 2906 32

287 2917 338 2944 12
366 2904 411 2944 hi
432 2905 516 2944 mL
658 2916 707 2956 15
738 2918 824 2944 non
846 2919 928 2946 om,
950 2905 1005 2944 M
1137 2919 1192 2947 20
1219 2907 1354 2958 gloria
1373 2920 1455 2948 om.
1481 2906 1535 2946 M
1666 2910 1720 2948 26
1749 2914 1837 2949 tum
1858 2921 1954 2950 cum

283 2959 395 3011 vulg.
414 2972 425 2999 ε
455 2964 545 2999 tum
563 2971 648 3000 om.
670 2973 715 2999 m
733 2973 743 3000 e
772 2972 867 2999 cum
887 2972 971 3001 om.
994 2959 1091 3001 Mm
1227 2963 1282 3001 28
1310 2960 1364 3011 Q.
1385 2961 1582 3002 Catulum
1603 2974 1687 3003 om.
1709 2962 1760 3002 M
1900 2976 1955 3014 29

283 3012 483 3054 exsilium
504 3011 542 3052 L
561 3013 672 3064 vulg.
690 3028 699 3055 ε
730 3015 890 3054 exitum
911 3013 965 3053 M
