2150 3444
180 323 183 325 ,
227 290 331 328 uno
363 275 551 327 artifice
591 276 846 337 sumimuS,
886 277 1012 326 solet
1052 275 1186 326 idern
1229 276 1441 326 Roscius
1483 276 1645 327 dicere
1686 294 1752 337 se,
1791 294 1891 341 quo

226 359 338 423 plus
378 356 473 408 sibi
509 357 683 407 aetatis
719 358 992 418 accederet,
1019 373 1081 406 eo
1116 356 1353 406 tardiores
1381 356 1596 406 tibicinis
1629 359 1806 406 modos
1842 366 1892 406 et

226 446 400 488 cantus
423 437 724 488 remissiores
742 455 850 488 esse
867 439 1123 487 facturum.
1177 438 1331 499 Quod
1349 436 1390 486 si
1408 436 1489 486 ille
1511 436 1736 486 astrictus
1761 446 1892 486 certa

226 518 443 584 quadam
466 532 785 569 numerorum
821 517 1161 568 moderatione
1196 526 1245 566 et
1282 518 1468 580 pedum
1505 525 1672 566 tamen
1703 516 1892 580 aliquid

178 611 203 656 5
224 600 292 650 ad
329 597 552 663 requiem
592 599 859 650 senectutis
899 597 1155 662 excogitat,
1198 606 1386 662 quanto
1425 597 1614 647 facilius
1655 614 1747 647 nos
1788 614 1891 647 non

225 681 386 730 laxare
421 681 614 741 modOS,
652 678 742 730 sed
779 688 911 729 totos
948 687 1138 728 mutare
1174 681 1475 742 possumus?
1544 680 1723 742 Neque
1759 677 1891 727 enim
1918 696 1994 739 255

225 761 324 811 hoc
346 769 409 822 te,
437 762 628 822 Crasse,
654 760 791 822 fallit,
818 776 969 825 quam
1005 762 1160 809 multa
1192 759 1289 810 sint
1313 768 1362 810 et
1386 776 1536 824 quam
1559 759 1692 809 varia
1714 775 1893 823 genera

223 841 440 902 dicendi,
463 841 517 892 id
554 843 694 906 quod
728 843 865 892 haud
902 840 1055 891 sciam
1092 858 1156 891 an
1192 850 1245 891 tu
1281 841 1467 905 primus
1492 840 1779 900 ostenderis,
1807 839 1892 903 qui

222 921 322 971 iam
362 921 450 972 diu
495 923 654 972 multo
701 922 825 973 dicis
871 922 1121 972 remissius
1168 930 1217 972 et
1263 922 1422 972 lenius
1468 937 1619 986 quam
1666 921 1893 981 solebas3

71 994 80 999 ’
152 1016 202 1050 ιο
221 1018 387 1067 neque
422 1002 588 1053 minus
625 1005 750 1054 haec
786 1012 954 1054 tamen
994 1012 1079 1054 tua
1113 1003 1384 1068 gravissimi
1424 1003 1664 1054 sermonis
1699 1002 1888 1063 lenitaS‚

221 1099 374 1148 quam
416 1083 503 1134 illa
548 1101 743 1134 summa
787 1084 861 1135 vis
907 1094 957 1135 et
1011 1084 1265 1135 contentio
1318 1085 1582 1149 probatur:
1648 1083 1891 1147 multique

221 1173 440 1215 oratores
470 1166 681 1226 fuerunt,
708 1175 763 1216 ut
795 1166 933 1215 illum
972 1165 1256 1230 Scipionem
1293 1165 1524 1216 audimus
1560 1173 1609 1215 et
1647 1164 1886 1225 Laelium,

222 1245 309 1309 qui
332 1245 501 1296 omnia
533 1263 761 1297 sermone
796 1247 1097 1297 conficerent
1120 1248 1270 1311 paulo
1295 1247 1570 1307 intentiore,
1597 1261 1886 1309 numquam,

220 1333 276 1374 ut
307 1327 407 1375 Ser.
435 1327 611 1388 Galba,
645 1327 879 1377 lateribus
915 1336 1000 1377 aut
1039 1329 1253 1378 clamore
1290 1328 1659 1378 contenderent.
1734 1327 1889 1389 Quod

148 1417 196 1461 ¹5
219 1404 263 1455 si
298 1405 399 1455 iam
439 1408 538 1457 hoc
577 1408 738 1458 facere
776 1425 878 1458 non
925 1408 1108 1472 poteris
1148 1417 1233 1458 aut
1279 1410 1432 1469 noles,
1472 1408 1650 1458 vereris
1697 1424 1762 1457 ne
1802 1416 1887 1457 tua

218 1487 400 1537 domus
435 1487 546 1538 talis
583 1497 633 1538 et
669 1489 758 1538 viri
795 1497 844 1538 et
885 1488 1018 1550 civiS,
1059 1489 1100 1538 si
1134 1506 1164 1538 a
1200 1488 1422 1553 litigiosis
1459 1488 1745 1539 hominibus
1783 1505 1887 1538 non

219 1568 422 1628 colatur,
458 1583 490 1618 a
525 1569 698 1619 ceteris
736 1571 1023 1620 deseratur?
1093 1570 1341 1634 Equidem
1379 1579 1570 1620 tantum
1607 1570 1785 1620 absum
1821 1570 1888 1619 ab

218 1646 312 1697 ista
343 1649 602 1711 sententia,
640 1658 695 1700 ut
732 1667 836 1700 non
868 1653 1022 1701 modo
1054 1667 1158 1701 non
1194 1651 1398 1700 arbitrer
1436 1650 1713 1700 subsidium
1751 1668 1887 1700 sene—

216 1728 363 1779 ctutis
402 1729 455 1779 in
495 1747 682 1793 eorum,
720 1731 807 1796 qui
844 1734 1126 1782 consultum
1166 1732 1379 1792 veniant,
1420 1731 1736 1781 multitudine
1777 1749 1885 1782 esse

138 1823 194 1855 20
213 1811 522 1873 ponendum,
549 1813 639 1862 sed
661 1821 916 1877 tamquam
951 1822 1149 1877 portum
1184 1812 1400 1876 aliquem
1433 1820 1714 1876 exspectem
1738 1812 1883 1862 istam

214 1906 366 1954 quam
390 1899 444 1941 tu
476 1891 635 1954 timeS,
662 1893 995 1943 solitudinem.
1070 1892 1358 1944 Subsidium
1387 1892 1521 1942 enim
1557 1892 1881 1943 bellissimum

212 1970 438 2022 existimo
475 1989 584 2023 esse
621 1974 863 2024 senectuti
899 1973 1069 2023 otium.

280 2053 496 2118 Reliqua
518 2072 635 2104 vero
659 2055 808 2105 etiam
833 2056 874 2105 si
898 2056 1148 2116 adiuvant,
1176 2056 1430 2106 historiam
1456 2056 1571 2107 dico
1596 2065 1645 2107 et
1669 2058 1880 2121 pruden-
1905 2061 1984 2112 256

211 2131 330 2184 tiam
353 2134 470 2186 iuris
503 2137 692 2200 publici
726 2146 776 2187 et
809 2137 1114 2202 antiquitatis
1146 2138 1436 2187 memoriam
1468 2147 1517 2187 et
1540 2140 1878 2202 exemplorum

137 2228 187 2273 25
211 2215 421 2279 copiam,
455 2216 498 2267 si
534 2220 738 2282 quando
775 2235 901 2282 opus
939 2218 1042 2279 erit,
1068 2236 1098 2268 a
1134 2218 1238 2269 viro
1276 2219 1467 2283 optimo
1505 2228 1553 2269 et
1590 2218 1694 2268 istis
1730 2220 1878 2269 rebus

208 2294 600 2360 instructissime,
626 2299 852 2349 familiari
887 2316 1001 2350 meo
1037 2301 1214 2364 Congo
1250 2301 1527 2360 mutuabor,
1554 2317 1717 2364 neque
1742 2317 1880 2364 repu-

208 2377 389 2440 gnab0,
416 2395 518 2443 quo
542 2380 720 2441 minuS,
747 2380 800 2431 id
824 2382 963 2445 quod
986 2382 1141 2431 modo
1164 2383 1386 2431 hortatus
1411 2398 1477 2443 eS‚
1505 2382 1672 2432 omnia
1696 2383 1875 2446 legant,

208 2457 378 2508 omnia
422 2460 641 2522 audiant,
682 2461 733 2510 in
780 2462 919 2511 omni
963 2471 1099 2512 recto
1156 2463 1322 2513 studio
1375 2471 1525 2527 atque
1570 2463 1878 2514 humanitate

207 2549 460 2591 versentur
475 2559 491 2603 ,·
525 2544 615 2592 sed
638 2560 719 2593 me
738 2544 937 2593 hercule
961 2561 1064 2593 non
1088 2544 1155 2593 ita
1179 2546 1390 2594 multum
1410 2544 1535 2607 spati
1554 2544 1675 2593 mihi
1694 2545 1877 2595 habere

134 2634 186 2676 30
206 2620 449 2684 videntur,
476 2623 518 2672 si
553 2625 707 2674 modo
742 2642 801 2674 ea
835 2627 996 2675 facere
1031 2634 1080 2675 et
1114 2626 1343 2690 persequi
1378 2628 1559 2686 volent,
1586 2643 1714 2690 quae
1745 2644 1775 2676 a
1810 2636 1872 2688 te,

207 2702 399 2765 Crasse,
441 2715 706 2770 praecepta
741 2715 890 2768 sunt3
942 2706 1029 2771 qui
1064 2707 1186 2756 mihi
1220 2724 1375 2771 prope
1410 2707 1508 2756 iam
1544 2707 1691 2757 nimis
1727 2709 1874 2758 duras

259 2845 286 2872 2
315 2833 538 2875 accederet
566 2835 677 2876 codd.
700 2850 710 2876 ε
756 2837 970 2877 acceleret
1006 2836 1209 2889 Madvig:
1253 2839 1459 2877 accedere
1483 2837 1603 2878 Cima
1821 2853 1874 2890 24

203 2899 241 2928 a.
273 2889 522 2929 memoriam
543 2896 586 2929 et
616 2890 754 2930 Koch:
791 2892 1058 2942 antiquitatis
1093 2892 1177 2931 iter
1204 2897 1247 2931 et
1279 2892 1417 2934 mdd.:
1470 2892 1734 2943 antiquitatis
1765 2896 1871 2934 noti-

206 2941 307 2982 tiam
334 2948 379 2983 et
409 2943 598 2984 Ellendt:
638 2945 722 2984 iter
742 2951 784 2984 et
803 2938 886 2986 sescl.
910 2946 1110 2986 Fm’edm‘clt
1223 2947 1279 2986 26
1303 2946 1456 2999 Congo
1478 2946 1564 2988 edd.
1585 2948 1647 2999 (cjfi
1664 2954 1708 3001 p.
1726 2947 1869 2989 Plane.

204 3009 269 3047 24.
293 2999 362 3050 58)
382 3012 391 3037 :
425 2999 572 3049 Longo
593 2997 630 3037 L
650 3014 658 3038 ε
689 3000 837 3050 Conge
859 3015 877 3039 ε

769 138 865 186 DE
900 136 1241 187 ORATORE
1314 138 1338 185 I
1903 140 1980 190 60
1996 157 2075 199 ²54
