2060 3432
839 137 1240 187 PRAEFATIO

211 274 483 324 exscribere
507 273 707 338 placuit.
765 276 969 339 Semper
992 284 1159 325 autem
1183 274 1429 339 religionis
1453 278 1561 326 esse
1585 273 1863 340 putavimus

210 363 249 411 si
290 362 411 426 quid
460 371 681 412 recenter
727 379 756 413 a
794 362 907 413 viris
955 362 1114 413 doctis
1162 364 1299 413 nullo
1340 363 1514 414 codice
1554 361 1863 413 adsentiente

208 458 482 500 correctum
526 459 612 511 est,
656 459 706 500 et
746 450 815 500 rei
857 459 905 500 et
945 450 1157 500 auctoris
1196 450 1502 501 mentionem
1544 452 1719 501 facere.
1787 452 1864 500 Ex

207 537 449 588 erroribus
474 538 706 588 codicum
735 538 1019 589 mutilorum
1045 537 1160 589 satis
1186 556 1292 590 esse
1311 539 1540 590 duximus
1560 556 1646 590 eos
1669 548 1861 590 tantum

206 642 594 676 commemorare
620 626 706 690 qui
737 636 822 677 aut
857 625 1078 677 indolem
1103 627 1335 678 codicum
1361 625 1597 690 indicant,
1623 636 1709 678 aut
1731 626 1864 680 viam

206 713 480 778 corrigendi
516 714 731 776 docent3
772 723 821 766 et
854 731 1111 779 precamur
1146 730 1211 765 ne
1245 714 1356 780 quis
1390 715 1512 766 vitio
1546 725 1702 767 vertat
1733 717 1773 766 si
1809 715 1861 767 in

205 818 256 851 re
279 800 465 852 incerta
488 819 661 867 parum
689 803 833 853 nobis
859 803 1240 854 constiterimus,
1310 804 1498 854 Textus
1523 821 1625 854 non
1651 806 1860 856 multum

205 891 447 954 discrepat
470 891 535 940 ab
560 908 621 940 eo
646 907 796 955 quem
831 909 946 942 cum
976 891 1107 942 notis
1133 890 1341 956 Anglice
1365 891 1654 957 conscriptis
1679 893 1861 945 Oxonii

202 966 318 1027 ante
359 979 449 1028 hos
488 995 646 1030 annos
685 979 964 1041 edidimus;
1020 996 1182 1044 neque
1224 981 1295 1030 fas
1339 997 1447 1030 esse
1488 980 1716 1031 duximus
1757 998 1859 1033 non

203 1066 378 1115 iterum
416 1065 532 1116 satis
571 1066 830 1132 diligenter
867 1078 916 1118 et
954 1076 1140 1118 textum
1182 1077 1231 1118 et
1267 1067 1548 1118 testimonia
1586 1078 1856 1120 retractare.

203 1155 282 1203 De
306 1154 478 1204 formis·
506 1156 781 1217 verborum,
810 1156 861 1207 id
897 1159 1034 1221 quod
1061 1159 1320 1207 voluerunt
1343 1157 1431 1206 viri
1468 1156 1742 1208 doctissimi
1773 1157 1859 1223 qui

201 1242 347 1291 PreIo
384 1243 688 1295 Academico
730 1256 975 1310 praesunt,
1020 1246 1350 1297 Brambachio
1392 1247 1521 1297 duce
1558 1247 1633 1296 usi
1671 1262 1855 1307 sumuS,

202 1330 294 1379 nisi
330 1333 467 1395 quod
502 1333 758 1384 codicibus
794 1335 1080 1387 iubentibus
1114 1339 1194 1398 oti,
1222 1337 1396 1400 imperi
1423 1345 1514 1387 ete.
1546 1336 1827 1402 scripsimus
1844 1354 1859 1398 3

199 1435 297 1482 qua
344 1420 408 1470 de
461 1438 514 1471 re
569 1424 735 1474 nescio
783 1442 847 1474 an
897 1442 1000 1475 non
1055 1428 1386 1486 erraverimus,
1438 1425 1678 1475 habemus
1724 1425 1857 1476 enim

201 1508 437 1559 Reidium
486 1521 708 1562 nostrum
761 1515 1169 1564 consentientem.
1257 1515 1488 1578 Denique
1535 1522 1695 1578 grates
1743 1522 1858 1563 sunt

198 1598 418 1660 agendae
458 1615 572 1648 cum
611 1600 878 1666 typothetis
917 1601 1275 1663 sollertissimiS‚
1315 1610 1419 1652 tum
1455 1600 1500 1651 ei
1541 1599 1627 1665 qui
1664 1616 1857 1651 summa

198 1683 451 1748 diligentia
479 1688 687 1737 schedas
722 1687 1035 1753 corrigendas
1069 1691 1266 1750 curavit,
1294 1698 1342 1740 et
1375 1689 1558 1740 menda
1587 1705 1690 1739 non
1723 1689 1856 1739 nulla

197 1773 319 1822 dum
343 1773 512 1838 relegit
539 1774 645 1839 ipse
669 1778 876 1827 sustulit.

252 1915 474 1955 Mancuniz'
488 1916 761 1956 scribebamus

305 1969 367 2009 Id.
392 1969 477 2010 Oct.
502 1983 532 2010 Μ
538 1983 698 2011 Dcccc1.

995 3002 1041 3050 vi
