2150 3444
769 130 863 178 DE
901 127 1243 179 ORAToRE
1316 129 1398 176 111
1940 139 2008 191 25
2032 144 2108 178 ιω

247 269 427 320 timum
450 276 526 319 est
542 285 556 330 ;
591 283 697 332 quo
720 268 815 316 hoc
841 266 1005 315 minus
1030 266 1081 314 in
1107 266 1329 315 oratione
1361 265 1595 315 miremur
1627 265 1677 314 in
1710 283 1808 330 qua
1841 268 1918 317 vel

247 366 310 405 ex
341 349 502 414 poetis
534 350 612 403 vel
644 337 920 398 oratoribus
952 362 1218 411 possumus
1250 345 1468 396 iudicare
1501 346 1816 408 concinnam,
1849 348 1919 398 di-

247 430 496 492 stinctam,
526 439 767 491 ornatam,
798 429 1038 490 festivam,
1070 428 1177 478 sine
1211 427 1592 489 intermissione,
1622 427 1728 477 sine
1763 445 1919 492 repre-

246 512 506 574 hensione,
538 512 645 563 sine
680 511 925 571 varietate,
965 509 1191 576 quamvis
1226 509 1368 559 claris
1405 508 1468 559 sit
1502 509 1751 559 coloribus
1787 510 1919 574 picta

200 612 226 660 5
246 595 327 646 vel
349 593 514 660 poesis
537 595 616 644 vel
640 592 811 654 oratio,
833 609 936 642 non
953 607 1106 656 posse
1122 590 1174 640 in
1193 589 1524 642 delectatione
1543 607 1651 641 esse
1669 591 1914 641 diuturna.

247 678 417 741 Atque
439 692 501 726 eo
523 674 669 725 citius
700 673 753 725 in
784 672 991 724 oratoris
1021 681 1108 722 aut
1140 671 1192 721 in
1224 681 1402 737 poetae
1435 671 1678 722 cincinnis
1709 688 1768 723 ac
1803 674 1919 723 fuco

247 756 526 817 offenditur,
576 757 715 820 quod
761 771 935 804 sensus
982 753 1035 803 in
1081 753 1237 804 nimia
1283 755 1538 818 voluptate
1583 763 1774 815 natura,
1815 771 1918 804 non

246 846 414 888 mente
437 837 675 888 satiantur
690 853 705 899 3
738 836 792 886 in
817 835 1008 900 scriptis
1032 843 1081 885 et
1110 834 1163 884 in
1191 834 1337 885 dictis
1371 851 1474 885 non
1509 835 1702 885 aurium
1738 837 1914 897 solum,

244 919 336 969 sed
374 917 529 968 animi
569 916 755 967 iudicio
801 916 951 967 etiam
1000 915 1154 981 magis
1200 915 1419 966 infucata
1463 907 1582 966 uitia
1627 926 1911 966 noscuntur.

174 1020 226 1051 ιο
247 1001 363 1064 Qua
389 1015 442 1050 re
480 1000 637 1048 ‘bene
671 1008 722 1049 et
755 999 1032 1063 praeclare'
1066 997 1292 1061 quamvis
1327 997 1474 1047 nobis
1510 1014 1657 1062 saepe
1692 997 1884 1048 dicatur
1900 1017 1913 1060 3

248 1080 407 1130 ‘belle
437 1088 489 1130 et
518 1079 717 1130 festive'
749 1078 961 1128 nimium
992 1095 1140 1143 saepe
1172 1080 1291 1128 nolo
1307 1097 1322 1140 3
1358 1095 1663 1143 quamquam
1694 1078 1777 1128 illa
1807 1079 1914 1144 ipsa

245 1159 538 1211 exclamatio
561 1164 690 1209 ‘non
714 1168 878 1224 potest
902 1158 1105 1209 melius'
1131 1158 1193 1208 sit
1212 1158 1360 1209 velim
1385 1159 1555 1209 crebra
1571 1178 1587 1220 3
1621 1160 1709 1209 sed
1734 1159 1916 1210 habeat

244 1251 414 1292 tamen
447 1242 531 1292 illa
565 1241 618 1291 in
655 1241 872 1292 dicendo
893 1241 1171 1291 admiratio
1208 1258 1267 1290 ac
1305 1258 1500 1291 summa
1540 1243 1646 1290 laus
1687 1242 1915 1291 umbram

246 1323 464 1388 aliquam
487 1332 539 1374 et
560 1340 827 1385 recessum,
851 1339 953 1387 quo
978 1322 1133 1387 magis
1161 1322 1226 1382 id,
1255 1323 1393 1387 quod
1427 1322 1516 1372 erit
1548 1322 1915 1384 inluminatum,

175 1423 225 1468 15
247 1414 437 1455 exstare
492 1413 646 1469 atque
695 1404 912 1455 eminere
958 1404 1193 1455 videatur.
1290 1405 1580 1468 Numquam
1635 1403 1735 1468 agit
1781 1406 1914 1456 hunc
1940 1421 2016 1452 102

247 1501 443 1536 versum
468 1484 682 1535 Roscius
706 1502 768 1536 eo
791 1494 950 1549 gestu,
974 1501 1075 1549 quo
1099 1493 1292 1549 potest:

313 1584 430 1618 nam
466 1567 662 1632 sapiens
697 1567 862 1617 virtuti
898 1569 1140 1617 honorem
1176 1566 1466 1632 praemium,
1508 1567 1643 1619 haud
1679 1567 1914 1631 praedam

404 1648 425 1667 ⁶
446 1648 600 1713 petit:

237 1731 334 1781 sed
359 1729 512 1780 abicit
535 1745 746 1794 prorsuS,
773 1738 828 1781 ut
852 1729 903 1778 in
928 1729 1183 1794 proximo:

171 1830 225 1862 πο
313 1821 388 1863 set
411 1811 534 1876 quid
558 1811 741 1862 video?
811 1813 960 1861 Ferro
985 1820 1183 1875 saeptus
1207 1811 1430 1876 possidet
1454 1810 1585 1862 sedis
1610 1826 1785 1872 sacraS,

245 1892 448 1955 incidat,
471 1892 690 1957 aspiciat,
718 1891 1000 1952 admiretur,
1031 1900 1291 1956 stupescat.
1367 1891 1519 1956 Quid,
1547 1892 1629 1943 ille
1653 1894 1775 1942 alter

311 1975 433 2040 quid
457 1984 622 2040 petam
648 1974 899 2039 praesidi?

243 2070 396 2121 quam
419 2055 606 2118 leniter,
628 2072 780 2121 quam
804 2053 1019 2117 remisse,
1044 2073 1195 2121 quam
1215 2073 1318 2107 non
1342 2060 1575 2107 actuose!
1612 2055 1762 2108 instat
1781 2057 1914 2109 enim

311 2155 346 2189 o
367 2147 519 2203 pater,
546 2154 579 2188 o
601 2137 771 2202 patria,
797 2153 830 2188 o
856 2136 1038 2187 Priami
1062 2139 1242 2188 domus
1266 2142 1275 2188 Ξ

171 2237 220 2279 25
244 2217 297 2269 in
336 2235 439 2284 quo
484 2227 623 2269 tanta
662 2218 965 2269 commoveri
1005 2219 1137 2268 actio
1178 2235 1281 2269 non
1322 2228 1503 2284 posset,
1548 2219 1589 2268 si
1630 2229 1760 2270 esset
1800 2236 1915 2270 con-

243 2310 442 2366 sumpta
488 2300 739 2366 superiore
785 2309 925 2350 motu
967 2309 1016 2350 et
1057 2302 1306 2350 exhausta.
1397 2303 1577 2364 Neque
1624 2300 1676 2351 id
1722 2310 1912 2352 actores

241 2382 376 2447 prius
404 2382 634 2433 viderunt
665 2398 817 2446 quam
852 2380 946 2446 ipsi
981 2390 1172 2446 poetae,
1201 2398 1352 2445 quam
1388 2381 1606 2446 denique
1641 2381 1711 2431 illi
1746 2381 1909 2444 etiam,

241 2464 328 2528 qui
356 2466 578 2515 fecerunt
613 2465 805 2525 modOS‚
832 2480 862 2513 a
890 2463 1071 2527 quibus
1104 2463 1324 2527 utrisque
1356 2463 1677 2513 summittitur
1706 2463 1908 2528 aliquid,
1942 2516 1947 2520 ,

241 2546 426 2597 deinde
462 2554 680 2611 augetur,
721 2555 1023 2608 extenuatur,
1066 2545 1276 2607 inflatur,
1317 2546 1539 2606 variatur,
1579 2545 1906 2609 distinguitur.

168 2643 219 2682 30
243 2629 322 2677 Ita
362 2628 424 2677 sit
464 2627 610 2678 nobis
651 2627 796 2692 igitur
836 2637 1038 2681 ornatus
1080 2637 1131 2677 et
1171 2627 1333 2678 suavis
1374 2637 1701 2678 orator—nec
1742 2636 1909 2683 tamen
1934 2649 2012 2690 103

241 2718 406 2772 potest
439 2709 579 2760 aliter
619 2718 851 2759 esse—ut
888 2709 1180 2758 suavitatem
1218 2710 1398 2759 habeat
1435 2718 1680 2758 austeram
1716 2717 1764 2757 et
1800 2708 1910 2757 soli-

242 2791 372 2848 dam,
400 2807 504 2840 non
528 2791 727 2843 dulcem
752 2798 901 2854 atque
925 2791 1199 2839 decoctam.
1252 2792 1384 2839 Nam
1410 2790 1516 2853 ipsa
1539 2791 1604 2839 ad
1629 2790 1907 2839 ornandum

1937 956 2007 1004 26

1939 1042 2012 1072 101

300 2930 350 2968 19
377 2918 572 2968 proximo
595 2916 770 2958 Gruter:
813 2917 1031 2968 proximos
1051 2915 1164 2959 codd.
1349 2929 1404 2957 20
1433 2922 1496 2957 set
1515 2917 1617 2969 quid
1637 2915 1833 2958 Ribbeck:
1862 2923 1907 2958 et

241 2972 341 3022 quid
363 2971 471 3013 codd.
492 2986 501 3012 ε
530 2971 684 3023 ecquid
703 2971 815 3025 vulg.
