2150 3444
747 116 843 166 DE
878 116 1220 168 ORATORE
1292 116 1376 166 III
1725 111 1728 115 ’
1917 128 2078 178 49191

212 267 341 308 -sunt
387 258 482 308 hac
528 257 719 309 ratione
760 257 950 318 servati,
991 256 1144 307 medii
1184 266 1393 321 possunt
1441 258 1605 315 latere,
1645 258 1798 306 modo
1830 274 1894 305 ne

225 337 457 388 circuitus
503 338 609 403 ipse
655 339 919 389 verborum
965 338 1028 388 sit
1063 347 1150 387 aut
1190 336 1400 397 brevior,
1440 353 1593 400 quam
1630 353 1771 386 aures
1818 354 1895 386 ex-

225 428 464 485 spectent,
504 429 591 470 aut
637 419 842 484 longior,
892 437 1044 484 quam
1089 418 1216 468 vires
1257 427 1407 481 atque
1452 416 1620 467 anima
1666 416 1888 481 patiatur.

225 502 486 553 Clausulas
522 511 691 553 autem
728 501 1013 566 diligentius
1053 501 1203 551 etiam
1244 501 1509 551 servandas
1545 515 1652 549 esse
1686 498 1894 548 arbitror
1916 473 1995 590 ¹59⁰2

163 598 200 640 Δ5
221 599 376 648 quam
401 583 665 649 superiora,
692 585 831 648 quod
863 582 915 632 in
952 582 1022 633 eis
1058 581 1272 631 maxime
1307 579 1544 645 perfectio
1574 589 1724 644 atque
1752 580 1894 629 abso-

222 663 348 715 lutio
393 664 650 716 iudicatur.
741 667 875 715 Nam
916 681 1084 715 versus
1130 680 1290 727 aeque
1337 662 1496 726 prima
1541 671 1592 711 et
1637 661 1804 712 media
1842 671 1893 711 et

221 754 440 796 extrema
470 763 582 812 pars
615 745 900 806 attenditur,
939 744 1025 809 qui
1057 743 1355 804 debilitatur,
1387 743 1438 793 in
1474 760 1790 808 quacumque
1819 753 1894 793 est

221 835 360 892 parte
395 827 663 878 titubatum
679 846 695 890 3
729 826 782 876 in
820 825 1044 877 oratione
1079 834 1247 875 autem
1290 825 1436 889 pauci
1469 824 1628 889 prima
1666 833 1892 885 cernunt,

220 917 472 974 postrema
493 908 746 974 plerique:
783 924 911 972 quae
931 906 1170 972 quoniam
1192 916 1434 971 apparent
1457 915 1507 956 et
1524 905 1887 970 intelleguntur,

147 1006 200 1037 ιο
221 989 456 1042 varianda
501 999 630 1051 sunt,
671 1006 736 1040 ne
772 999 859 1040 aut
898 988 1179 1039 animorum
1220 987 1415 1038 iudiciis
1452 987 1774 1051 repudientur
1805 996 1890 1036 aut

219 1070 414 1122 aurium
455 1071 692 1123 satietate.
792 1073 911 1121 Duo
951 1070 1087 1121 enim
1124 1078 1211 1120 aut
1251 1079 1347 1120 tres
1386 1071 1487 1119 fere
1524 1078 1640 1118 sunt
1685 1068 1890 1118 extremi
1916 1088 1996 1131 193

220 1151 450 1203 servandi
472 1162 523 1203 et
545 1151 756 1203 notandi
779 1153 949 1217 pedeS,
976 1151 1018 1201 si
1042 1153 1198 1201 modo
1221 1168 1324 1201 non
1349 1150 1572 1200 breviora
1594 1162 1644 1201 et
1672 1150 1893 1216 praecisa

218 1243 364 1284 erunt
395 1233 648 1299 superiora
663 1252 678 1296 3
723 1250 851 1298 quos
885 1242 972 1282 aut
1000 1232 1196 1283 chorios
1231 1242 1316 1282 aut
1345 1234 1524 1283 heroos
1559 1241 1645 1282 aut
1675 1235 1892 1283 alternos

220 1331 330 1366 esse
353 1314 603 1380 oportebit
619 1324 705 1365 aut
729 1315 780 1365 in
805 1332 996 1379 paeane
1019 1314 1105 1364 illo
1128 1313 1414 1379 posteriore,
1430 1331 1582 1378 quem
1600 1313 1891 1364 Aristoteles

146 1411 196 1456 15
219 1397 411 1461 probat,
445 1404 533 1446 aut
562 1395 610 1447 ei
641 1395 747 1460 pari
774 1396 971 1447 cretico.
1047 1398 1248 1447 Horum
1272 1395 1635 1446 vicissitudines
1659 1395 1887 1458 efficient,

219 1486 276 1528 ut
298 1495 464 1543 neque
495 1477 542 1528 ei
566 1478 821 1540 satientur,
844 1478 931 1543 qui
954 1478 1175 1540 audient,
1201 1477 1400 1528 fastidio
1418 1477 1767 1539 similitudiniS‚
1795 1495 1890 1528 nec

216 1576 312 1611 nos
365 1558 433 1622 id,
489 1561 630 1625 quod
683 1559 936 1621 faciemuS‚
985 1578 1137 1625 opera
1186 1560 1357 1611 dedita
1409 1562 1570 1610 facere
1615 1559 1884 1610 videamur.

218 1641 375 1704 Quod
414 1640 456 1691 si
490 1640 752 1707 Antipater
788 1642 870 1693 ille
908 1642 1158 1703 SidoniuS,
1196 1659 1348 1707 quem
1390 1651 1444 1692 tu
1481 1643 1650 1706 probe,
1693 1644 1883 1702 Catule,
1913 1659 1991 1701 194

218 1722 502 1785 meministi,
552 1723 726 1774 solitus
773 1733 848 1774 est
893 1741 1062 1774 versus
1109 1726 1420 1774 hexametros
1466 1723 1691 1788 aliosque
1741 1723 1886 1774 variis

142 1823 196 1854 20
217 1804 383 1856 modis
415 1814 569 1870 atque
591 1805 809 1856 numeris
838 1807 1046 1856 fundere
1070 1823 1131 1856 ex
1159 1815 1382 1870 tempore
1410 1814 1706 1870 tantumque
1729 1805 1887 1855 homi-

215 1884 294 1937 nis
311 1885 556 1952 ingeniosi
573 1904 632 1938 ac
656 1887 890 1938 memoris
909 1887 1062 1938 valuit
1080 1887 1379 1950 exercitatiO,
1403 1896 1475 1949 ut,
1498 1904 1615 1936 cum
1639 1904 1693 1936 se
1717 1896 1886 1937 mente

211 1985 273 2018 ac
317 1970 574 2020 voluntate
617 1969 913 2021 coniecisset
966 1970 1019 2020 in
1067 1987 1280 2031 versum,
1326 1970 1478 2020 verba
1530 1979 1886 2033 sequerentur3

212 2059 402 2115 quanto
425 2050 478 2103 id
509 2050 700 2101 facilius
730 2051 782 2101 in
805 2051 1046 2114 oratione,
1070 2050 1420 2102 exercitatione
1444 2059 1494 2101 et
1518 2050 1884 2102 consuetudine

210 2131 454 2195 adhibita,
475 2137 870 2197 consequemur!

138 2229 189 2272 25
282 2215 416 2264 Illud
429 2223 598 2264 autem
622 2232 686 2265 ne
710 2214 821 2278 quis
835 2215 1121 2278 admiretur,
1144 2231 1365 2280 quonam
1384 2215 1538 2264 modo
1557 2215 1681 2264 haec
1704 2215 1879 2278 vulgus
1905 2234 1984 2278 195

210 2294 551 2360 imperitorum
575 2294 627 2345 in
649 2296 903 2347 audiendo
932 2306 1088 2359 notet,
1107 2313 1223 2346 cum
1246 2296 1299 2345 in
1323 2296 1462 2346 omni
1492 2313 1672 2360 genere
1695 2305 1802 2345 tum
1826 2295 1878 2345 in

209 2377 309 2426 hoc
341 2375 453 2440 ipso
490 2393 669 2441 magna
706 2378 954 2441 quaedam
995 2386 1071 2427 est
1110 2377 1183 2427 vis
1220 2376 1623 2441 incredibilisque
1657 2385 1875 2426 naturae.

209 2457 401 2508 Omnes
424 2457 560 2508 enim
584 2457 735 2507 tacito
759 2459 981 2522 quodam
1005 2475 1154 2507 sensu
1178 2457 1285 2508 sine
1309 2459 1409 2506 ulla
1436 2467 1540 2507 arte
1570 2466 1656 2507 aut
1687 2457 1878 2508 ratione

208 2555 337 2603 quae
361 2538 459 2589 sint
482 2538 535 2588 in
557 2538 744 2588 artibus
767 2555 828 2589 ac
857 2539 1130 2590 rationibus
1154 2548 1288 2589 recta
1309 2555 1369 2588 ac
1397 2555 1548 2603 prava
1570 2538 1878 2600 diiudicant3

132 2637 186 2678 30
208 2617 362 2684 idque
379 2636 496 2670 cum
519 2619 707 2670 faciunt
731 2619 782 2669 in
806 2619 1009 2684 picturis
1034 2629 1083 2671 et
1107 2620 1158 2669 in
1184 2619 1334 2685 signis
1350 2628 1400 2669 et
1424 2619 1475 2668 in
1499 2619 1605 2668 aliis
1625 2619 1876 2684 operibuS,

205 2702 272 2752 ad
312 2717 526 2766 quorum
560 2701 946 2767 intellegentiam
985 2719 1017 2751 a
1062 2710 1236 2751 natura
1274 2700 1438 2750 minus
1473 2701 1661 2750 habent
1701 2699 1875 2750 instru-

261 2825 316 2864 M
331 2845 368 2860 =
388 2824 524 2866 ΑΕΗ
664 2840 713 2866 12
741 2839 827 2867 non
848 2840 930 2868 om.
954 2826 1007 2866 M
1118 2838 1167 2878 15
1196 2831 1269 2867 aut
1289 2826 1329 2866 ei
1349 2825 1460 2877 vulg.
1483 2840 1492 2865 :
1521 2831 1594 2866 aut
1610 2831 1653 2865 et
1669 2823 1771 2866 Mo:
1799 2831 1872 2866 aut

206 2879 251 2919 in
268 2879 313 2920 P
440 2895 493 2920 22
521 2882 716 2922 eiecisset
735 2880 789 2920 M
803 2897 813 2922 ε
842 2882 1054 2923 erexisset
1073 2894 1094 2922 e
1242 2881 1287 2920 in
1307 2893 1389 2921 om.
1416 2879 1471 2919 M
1604 2892 1657 2931 25
1685 2893 1871 2932 quonam

204 2930 243 2973 L
263 2946 318 2985 32
336 2949 346 2974 z
374 2936 446 2986 (Ῑιῖι
468 2935 511 2988 (ι’.
525 2949 556 2977 e.
581 2935 800 2989 quoniam)
818 2935 873 2975 M
