2150 3444
764 136 860 184 DE
896 133 1236 184 ORAToRE
1310 133 1334 182 1
1914 134 2074 194 36165

222 288 272 330 et
298 276 496 342 copiam
527 293 689 327 rerum
721 275 772 325 in
803 285 890 326 tua
924 272 1186 339 prudentia
1220 272 1437 322 sciebam
1474 272 1634 322 inesse
1651 291 1666 334 3
1700 273 1751 322 in
1785 292 1886 323 ora·

224 358 342 410 toris
371 375 488 408 vero
519 357 848 407 instrumento
876 365 977 405 tam
1007 356 1191 403 lautam
1222 352 1577 416 supellectilem
1614 370 1886 417 numquam

223 438 473 489 videram.’
546 441 726 488 ‘Potes
763 436 937 500 igitur,’
969 434 1130 499 inquit
1159 435 1366 485 Crassus
1405 438 1490 483 ‘ut
1529 433 1625 482 alia
1662 433 1887 483 omittam
1916 445 1993 485 166

223 519 603 570 innumerabilia
650 528 699 569 et
744 518 990 567 immensa
1034 525 1084 565 et
1129 517 1195 565 ad
1241 514 1404 579 ipsum
1445 525 1587 564 tuum
1628 514 1704 564 ius
1746 514 1887 564 civile

176 621 200 662 5
221 599 432 662 veniam,
459 609 676 650 oratores
704 607 877 664 putare
905 614 1005 658 eOS,
1031 613 1158 661 quos
1188 597 1367 645 multas
1395 597 1541 645 horas
1573 595 1885 659 exspectavit,

221 699 338 732 cum
362 668 413 731 in
437 697 671 746 campum
694 687 990 745 properaret,
1007 687 1057 727 et
1080 677 1245 726 ridens
1270 686 1319 727 et
1342 678 1658 726 stomachans
1676 679 1727 726 P.
1747 678 1889 726 Scae-

221 765 347 824 vola,
365 780 481 813 cum
499 765 765 826 Hypsaeus
781 759 996 810 maxima
1009 775 1146 819 voce,
1164 757 1385 822 plurimis
1401 757 1561 807 verbis
1576 775 1606 806 a
1623 760 1693 806 M.
1707 759 1886 808 Crasso

220 853 444 909 praetore
472 844 811 903 contenderet,
836 850 892 891 ut
921 840 981 902 ei,
1008 857 1158 905 quem
1191 839 1506 899 defendebat,
1533 856 1682 888 causa
1710 840 1886 888 cadere

219 924 401 986 liceret,
440 926 533 977 Cn.
564 934 733 975 autern
771 922 1022 983 Octavius,
1063 923 1218 971 homo
1255 920 1540 981 consulariS,
1581 938 1684 970 non
1721 920 1885 970 minus

149 1027 198 1059 ιο
218 1007 368 1071 longa
390 1005 615 1057 oratione
638 1013 898 1066 recusaret,
925 1021 989 1054 ne
1017 1002 1322 1053 adversarius
1347 1019 1496 1052 causa
1519 1003 1716 1052 caderet
1738 1019 1798 1051 ac
1821 1019 1886 1051 ne

217 1086 274 1149 is,
308 1104 400 1152 pro
437 1105 540 1153 quo
576 1087 684 1152 ipse
719 1086 919 1146 diceret,
950 1084 1080 1149 turpi
1118 1086 1302 1134 tutelae
1340 1083 1526 1134 iudicio
1563 1093 1712 1148 atque
1748 1082 1887 1134 omni

218 1169 447 1221 molestia
476 1169 682 1220 stultitia
711 1166 975 1219 adversarii
1007 1166 1354 1216 liberareturP'
1427 1170 1439 1192 ‘
1459 1168 1567 1229 Ego
1591 1182 1707 1215 vero
1735 1165 1886 1227 istos,’
1916 1179 1992 1233 167

216 1250 463 1316 inquit—‘
477 1251 683 1301 memini
723 1250 858 1300 enim
884 1248 1022 1298 >mihi
1062 1265 1256 1297 narrare
1293 1246 1694 1298 Mucium—non
1730 1249 1886 1298 modo

216 1332 422 1383 oratoris
455 1332 660 1383 nomine
697 1333 787 1382 sed
822 1348 887 1380 ne
924 1332 1032 1380 foro
1069 1329 1273 1394 quidem
1310 1329 1487 1393 dignos
1522 1328 1602 1379 vix
1642 1329 1887 1394 putarim.'

144 1433 194 1477 15
219 1416 233 1441 ‘
250 1413 407 1478 Atqui
435 1431 539 1464 non
568 1412 726 1464 defuit
758 1411 853 1461 illis
882 1410 1129 1476 patronis'
1154 1409 1314 1474 inquit
1340 1411 1546 1462 Crassus
1575 1411 1886 1476 ‘eloquentia

216 1511 382 1559 neque
404 1493 607 1545 dicendi
630 1493 754 1544 ratio
777 1502 862 1543 aut
887 1492 1044 1556 copia,
1067 1493 1156 1542 sed
1174 1491 1290 1541 iuris
1310 1491 1463 1542 civilis
1482 1491 1715 1542 scientia:
1746 1494 1884 1557 quod

214 1577 338 1625 alter
371 1578 482 1641 plus
518 1577 626 1640 lege
660 1577 857 1639 agendo
891 1574 1107 1639 petebat,
1141 1590 1291 1637 quam
1328 1583 1568 1638 quantum
1604 1576 1682 1624 lex
1716 1574 1767 1624 in
1802 1590 1881 1624 ΧΠ

211 1656 395 1707 tabulis
436 1656 735 1721 permiserat,
775 1657 913 1720 quod
951 1673 1066 1705 cum
1108 1654 1430 1719 impetrasset,
1468 1673 1616 1706 causa
1653 1658 1888 1718 caderet3

211 1739 335 1786 alter
370 1737 598 1802 iniquum
634 1738 840 1802 putabat
876 1738 986 1801 plus
1024 1752 1194 1786 secum
1224 1735 1315 1798 agi,
1348 1753 1498 1799 quam
1531 1738 1668 1800 quod
1698 1746 1799 1786 erat
1831 1736 1883 1786 in

141 1839 191 1868 πο
212 1817 441 1879 actione,
476 1835 640 1882 neque
664 1817 994 1881 intellegebat,
1022 1815 1063 1866 si
1092 1815 1161 1864 ita
1190 1825 1319 1865 esset
1347 1825 1528 1877 actum,
1556 1815 1691 1866 litem
1715 1818 1883 1867 adver-

212 1898 395 1949 sarium
436 1899 754 1964 perditurum.
844 1898 1023 1961 Quid?
1072 1897 1123 1946 in
1165 1897 1242 1947 his
1283 1897 1453 1962 paucis
1495 1898 1672 1948 diebus
1713 1916 1883 1948 nonne

211 1981 358 2031 nobis
404 1980 457 2031 in
503 1980 735 2031 tribunali
778 1982 840 2043 Q.
888 1979 1098 2044 Pompei
1139 1979 1375 2043 praetoris
1417 1979 1592 2029 urbani
1632 1980 1880 2031 familiaris

211 2061 366 2111 nostri
403 2062 692 2112 sedentibus
725 2063 880 2111 homo
916 2079 976 2111 ex
1014 2077 1221 2110 numero
1259 2060 1553 2110 disertorum
1587 2062 1881 2125 postulabat,

210 2150 266 2192 ut
296 2141 380 2204 illi,
411 2144 546 2193 unde
578 2152 837 2207 peteretur,
863 2152 1004 2192 vetus
1038 2151 1187 2206 atque
1220 2141 1398 2191 usitata
1433 2141 1657 2206 exceptio
1689 2144 1885 2192 daretur

139 2244 187 2286 25
211 2237 361 2274 cvws
399 2239 661 2274 PEcvaE
695 2239 814 2274 1>1Es
853 2226 1096 2274 FVISSET?
1139 2225 1276 2288 quod
1312 2223 1532 2287 petitoris
1569 2240 1718 2273 causa
1752 2241 1884 2274 com·

209 2313 435 2368 paratum
463 2322 572 2355 esse
595 2322 699 2355 non
723 2305 1053 2369 intellegebat,
1081 2315 1148 2367 ut,
1178 2306 1219 2355 si
1249 2305 1330 2354 ille
1362 2304 1595 2354 infitiator
1626 2305 1882 2368 probasset

209 2383 361 2435 iudici
384 2395 501 2436 ante
524 2386 729 2450 petitam
753 2404 861 2437 esse
879 2386 1156 2451 pecuniam,
1179 2405 1330 2452 quam
1353 2396 1481 2436 esset
1501 2395 1678 2450 coepta
1695 2386 1879 2448 deberi,

207 2466 388 2530 petitor
411 2484 575 2518 rursus
600 2484 715 2518 cum
739 2477 941 2532 peteret,
963 2486 1027 2518 ne
1046 2468 1337 2533 exceptione
1362 2470 1714 2528 excluderetur,
1739 2483 1880 2526 QVOD

207 2561 276 2596 EA
317 2562 415 2598 RES
451 2563 510 2598 IN
546 2563 791 2598 IVDICIVM
827 2564 968 2598 ANTE
1004 2564 1264 2599 VENISSET.
1344 2549 1482 2612 Quid
1515 2566 1629 2613 ergo
1655 2550 1751 2599 hoc
1775 2548 1880 2599 fieri
1906 2559 1983 2612 169

132 2652 187 2693 30
207 2628 397 2693 turpius
421 2638 506 2680 aut
530 2629 630 2680 dici
654 2639 832 2694 potest,
851 2647 1001 2694 quam
1028 2647 1157 2691 eum,
1177 2630 1261 2694 qui
1280 2632 1410 2680 hanc
1431 2648 1692 2694 personam
1718 2648 1878 2681 susce-

207 2709 346 2774 perit,
384 2719 439 2760 ut
475 2710 750 2761 amicorum
789 2711 1145 2761 controversias
1188 2728 1460 2776 causasque
1499 2722 1703 2774 tueatur,
1745 2714 1879 2763 labo-

205 2790 428 2842 rantibus
464 2802 729 2854 succurrat,
763 2792 919 2856 aegris
952 2793 1221 2853 medeatur,
1256 2792 1482 2843 adflictos
1519 2793 1709 2855 excitet,
1741 2795 1876 2844 hunc

1909 1872 1974 1922 37

1912 1937 1989 1978 168

260 2921 365 2962 M.-.
385 2921 438 2962 H
572 2936 621 2973 14
652 2923 791 2974 putari
825 2921 921 2962 Mm
1128 2923 1180 2961 16
1206 2923 1388 2963 scientia
1421 2921 1543 2963 Mm:
1575 2924 1803 2974 prudentia
1836 2923 1874 2964 L

203 2978 315 3031 vulg.
478 2991 528 3030 19
557 2983 649 3018 erat
668 2979 722 3019 M
737 2992 746 3018 ε
778 2984 892 3019 esset
913 2978 950 3018 L
1116 2990 1166 3016 21
1198 2977 1241 3017 in
1263 2978 1331 3018 his
1350 2978 1462 3038 vulg.
1482 2992 1491 3019 t
1523 2978 1566 3017 in
1586 2991 1669 3018 om.
1689 2978 1742 3018 H
