2150 3444
136 172 199 222 32
214 172 298 221 ‘138
785 164 854 210 M.
895 163 1106 210 TVLLI
1145 162 1527 212 CICERoms

323 298 533 349 stionem
574 309 648 349 est
685 308 734 350 et
771 317 829 350 ea
874 309 1039 350 tamen
1087 300 1192 364 ipsa
1238 300 1391 350 oratio
1432 302 1496 350 ad
1535 300 1748 352 universi
1792 301 1983 367 generis

321 379 706 444 disputationem
753 384 984 431 referatur
1029 398 1231 431 necesse
1277 390 1363 431 est.
1455 384 1598 432 Haec
1645 400 1736 448 ego
1758 400 1879 433 non
1919 401 1982 434 eo

321 461 528 511 consilio
569 462 782 526 disputo,
825 472 878 511 ut
925 463 1152 512 homines
1190 463 1407 512 eruditos
1449 465 1735 528 redarguam
1751 483 1766 527 3
1813 482 1982 530 quam-

320 557 472 605 quam
509 544 902 607 reprehendendi
948 553 1063 592 sunt
1109 544 1194 608 qui
1233 544 1285 593 in
1325 561 1503 608 genere
1543 545 1830 596 definiendo
1863 546 1981 603 istas

322 639 493 673 causas
518 624 802 673 describunt
826 625 877 673 in
912 625 1134 688 personis
1158 635 1207 674 et
1230 625 1282 674 in
1306 626 1609 689 temporibus
1632 626 1816 691 positas
1840 643 1981 690 esse3
2003 641 2026 682 5

223 720 297 763 139
317 720 436 753 narn
484 704 573 753 etsi
620 704 872 753 incurrunt
918 715 1142 768 tempora
1182 716 1230 755 et
1282 723 1533 770 personae,
1584 716 1751 756 tamen
1796 707 1982 758 intelle-

318 787 536 849 gendum
561 794 648 846 est,
675 803 777 836 non
802 804 861 835 ex
893 786 974 847 eis,
1004 789 1092 836 sed
1127 805 1187 836 ex
1220 805 1398 851 genere
1432 788 1733 852 quaestionis
1763 790 1981 853 pendere

318 883 502 915 causas.
575 868 674 917 Sed
715 869 811 916 hoc
848 867 971 916 nihil
1011 870 1076 916 ad
1114 885 1195 918 me
1214 887 1228 930 3
1279 870 1471 917 nullum
1509 869 1642 918 enim
1688 869 1835 919 nobis
1881 886 1980 922 cer-

317 956 484 997 tamen
520 965 634 996 cum
669 947 773 996 istis
814 964 921 997 esse
957 949 1137 1010 debet3
1178 958 1369 998 tantum
1405 950 1520 999 satis
1556 959 1630 1000 est
1664 950 1880 1014 intellegi
1913 967 1978 1000 ne

318 1030 414 1077 hoc
446 1028 648 1091 quidem
683 1044 769 1077 eos
805 1038 1111 1088 consecutos,
1140 1032 1276 1092 quod
1308 1030 1359 1079 in
1394 1040 1532 1080 tanto
1560 1031 1664 1080 otio
1692 1031 1839 1080 etiam
1871 1030 1977 1080 sine
2000 1045 2054 1079 10

316 1109 411 1157 hac
434 1108 614 1157 forensi
638 1109 984 1158 exercitatione
1009 1111 1200 1159 efficere
1230 1119 1509 1174 potuerunt,
1537 1121 1592 1161 ut
1614 1129 1793 1175 genera
1814 1129 1976 1162 rerum

217 1207 294 1248 140
316 1188 649 1239 discernerent
673 1206 829 1253 eaque
853 1192 1002 1253 paulo
1027 1190 1254 1239 subtilius
1278 1191 1588 1255 explicarent.
1652 1195 1839 1242 Verum
1863 1194 1974 1254 hoc,

314 1279 369 1319 ut
392 1269 506 1329 dixi,
533 1269 654 1318 nihil
678 1272 742 1319 ad
774 1287 855 1319 me
874 1288 889 1331 3
929 1270 1052 1320 illud
1084 1272 1148 1320 ad
1180 1288 1262 1320 me
1295 1289 1354 1321 ac
1382 1275 1539 1322 multo
1563 1272 1711 1322 etiam
1735 1272 1888 1337 magis
1911 1274 1977 1323 ad

313 1366 415 1410 vos,
452 1351 601 1400 Cotta
635 1358 801 1399 noster
841 1359 890 1400 et
928 1350 1144 1414 Sulpici:
1185 1367 1287 1414 quo
1327 1355 1480 1402 modo
1514 1370 1648 1402 nunc
1683 1370 1736 1403 se
1770 1352 1976 1411 istorum

312 1439 439 1480 artes
480 1431 678 1490 habent,
719 1430 1114 1495 pertimescenda
1150 1440 1228 1481 est
1265 1433 1535 1483 multitudo
1570 1451 1862 1496 causarum3
1899 1443 1976 1485 est
1999 1449 2050 1490 15

312 1511 445 1561 enim
487 1511 690 1572 infinita,
736 1511 776 1561 si
814 1511 867 1560 in
908 1513 1131 1576 personis
1176 1514 1375 1577 ponitur
1390 1532 1405 1575 3
1453 1523 1576 1578 quot
1621 1514 1862 1576 homines,
1897 1524 1977 1571 tot

311 1610 488 1643 causae
503 1611 518 1654 3
564 1593 639 1642 sin
675 1595 739 1643 ad
774 1610 1008 1657 generum
1047 1594 1297 1645 universas
1339 1596 1653 1660 quaestiones
1686 1598 1972 1657 referuntur,

309 1673 379 1723 ita
424 1674 650 1724 modicae
697 1684 746 1724 et
791 1692 979 1739 paucae
1025 1685 1152 1737 sunt,
1197 1685 1252 1726 ut
1298 1694 1381 1727 eas
1422 1677 1584 1727 omnis
1624 1677 1884 1742 diligentes
1924 1686 1975 1732 et

311 1772 554 1805 memores
578 1765 628 1805 et
651 1756 800 1805 sobrii
833 1766 1047 1807 oratores
1082 1774 1335 1821 percursas
1370 1758 1538 1808 animo
1560 1767 1610 1809 et
1632 1775 1787 1824 prope
1809 1757 1972 1809 dicam

311 1837 595 1886 decantatas
614 1837 796 1887 habere
815 1838 1060 1899 debeant3
1095 1838 1189 1888 nisi
1208 1841 1333 1888 forte
1353 1840 1638 1890 existimatis
1659 1857 1691 1890 a
1716 1843 1800 1890 M'.
1820 1841 1972 1892 Curio
1993 1859 2048 1888 20

311 1933 509 1966 causam
534 1917 765 1967 didicisse
790 1920 844 1966 L.
875 1920 1107 1969 Crassum
1133 1928 1182 1969 et
1211 1937 1270 1969 ea
1299 1937 1351 1969 re
1383 1923 1537 1970 multa
1561 1921 1794 1981 attulisse,
1820 1938 1971 1985 quam

310 1997 376 2046 ob
406 2015 508 2047 rem
539 2007 772 2062 postumo
803 2016 906 2048 non
938 2008 1056 2049 nato
1081 1999 1286 2050 Curium
1318 2009 1485 2050 tamen
1516 2003 1750 2052 heredem
1773 2002 1971 2066 Coponi

211 2100 284 2141 141
310 2094 416 2127 esse
451 2088 726 2142 oporteret:
775 2079 898 2128 nihil
936 2082 1001 2130 ad
1042 2080 1237 2144 copiam
1271 2091 1671 2145 argumentorum
1708 2099 1872 2147 neque
1903 2084 1970 2132 ad
2023 2122 2025 2124 -

307 2175 484 2209 causae
507 2159 608 2208 vim
640 2176 698 2209 ac
731 2169 957 2210 naturam
993 2178 1179 2211 nomen
1211 2162 1409 2226 Coponi
1439 2172 1525 2213 aut
1553 2163 1673 2214 Curi
1704 2163 1970 2228 pertinuit3

306 2239 357 2287 in
397 2257 575 2303 genere
609 2250 711 2290 erat
745 2241 973 2291 universo
1009 2242 1078 2292 rei
1112 2242 1390 2307 negotique,
1430 2261 1532 2293 non
1567 2243 1620 2292 in
1653 2252 1877 2308 tempore
1909 2261 1968 2295 ac
1993 2263 2043 2304 ²5
2070 2309 2074 2311 ῃ

306 2321 604 2381 nominibuS,
643 2321 804 2371 omnis
841 2323 1094 2386 quaestio:
1144 2341 1259 2373 cum
1295 2323 1529 2388 scripturn
1563 2324 1634 2374 ita
1666 2325 1729 2374 sit
1763 2340 1808 2375 Sl
1840 2341 1965 2375 Mun

308 2417 471 2452 F1L1vs
529 2417 775 2463 GENITVR,
826 2418 976 2461 ISQVE
1030 2419 1178 2454 PRIVS
1234 2420 1487 2465 MORITVR,
1537 2399 1588 2459 et
1632 2415 1807 2467 cetera,
1853 2421 1965 2455 TVM

307 2498 429 2531 MIHI
461 2498 578 2532 ILLE
611 2499 689 2532 SIT
715 2498 898 2544 HERES,
936 2484 975 2533 si
1004 2494 1148 2538 natus
1183 2485 1313 2534 filius
1348 2503 1450 2535 non
1485 2486 1560 2546 sit,
1586 2485 1874 2537 videaturne
1905 2486 1962 2548 is,

305 2564 390 2627 qui
426 2564 527 2613 filio
568 2573 764 2613 mortuo
800 2564 1053 2614 institutus
1090 2567 1231 2615 heres
1268 2566 1341 2626 sit,
1380 2568 1521 2615 heres
1555 2583 1695 2618 esse:
1739 2567 1964 2632 perpetui

305 2644 419 2691 iuris
445 2652 493 2692 et
517 2643 729 2693 universi
752 2645 943 2707 generis
967 2645 1191 2708 quaestio
1222 2662 1325 2694 non
1349 2646 1608 2695 hominum
1632 2647 1849 2709 nomina,
1875 2648 1963 2699 sed
1988 2657 2040 2697 30

206 2714 285 2831 ἐξ
303 2725 542 2773 rationem
584 2725 784 2775 dicendi
831 2734 881 2775 et
925 2735 1324 2789 argumentorum
1364 2726 1514 2777 fontis
1556 2726 1816 2779 desiderat.
1901 2729 1963 2783 In

357 2849 410 2888 M
427 2870 461 2884 =
483 2851 619 2891 AEH
782 2866 800 2891 1
832 2853 1028 2893 oratione
1057 2852 1110 2891 M
1215 2855 1269 2893 ad
1299 2867 1338 2893 u.
1371 2867 1410 2903 g.
1445 2855 1554 2905 disp.
1585 2867 1667 2894 om.
1695 2852 1750 2894 M
1935 2866 1961 2904 5

301 2906 548 2944 describunt
569 2906 680 2947 codd.
699 2921 708 2946 :
738 2907 968 2947 discribunt
986 2907 1105 2947 Cima
1216 2919 1268 2957 25
1299 2909 1573 2958 interponere
1591 2907 1646 2946 M
1760 2922 1810 2959 27
1840 2910 1960 2959 geni-

302 2965 371 2998 tor
389 2958 442 2996 M
545 2972 634 2998 τνΜ
655 2972 710 2998 vr
729 2974 818 3000 recc.
1022 2963 1073 3000 28
1103 2966 1148 3000 ut
1167 2962 1362 3001 videatur
1380 2961 1434 2999 M
1537 2963 1573 3001 is
1592 2975 1674 3003 om.
1693 2961 1748 3000 M
1906 2975 1961 3012 30
1989 2992 1994 2996 .

303 3013 378 3051 sed
398 3025 479 3052 om.
500 3011 554 3049 M
711 3025 759 3061 31
792 3014 914 3053 sortis
934 3013 987 3051 M
