2150 3444
143 173 175 223 4
204 170 253 211 16
731 163 801 211 M.
839 162 1049 212 TVLLI
1088 163 1469 213 CICERONIS

274 300 349 351 sin
375 301 463 351 tibi
495 301 547 351 id
579 300 741 350 minus
773 300 960 362 libebit,
988 318 1089 350 non
1119 310 1167 350 te
1199 303 1379 364 urgebo
1415 316 1577 364 neque
1601 299 1923 361 committam,

198 401 247 445 17
273 392 340 443 ut,
367 384 488 432 dum
517 400 711 432 vereare
744 392 797 431 tu
826 400 890 432 ne
922 382 987 432 sis
1020 381 1229 447 ineptus,
1257 398 1337 432 me
1369 398 1477 431 esse
1506 380 1723 431 iudices.'
1791 384 1925 430 Tum

271 463 352 513 ille
384 468 396 490 ‘
414 481 506 527 ego
541 481 621 514 me
653 465 877 513 hercule'
912 463 1084 528 inquit,
1124 467 1135 489 ‘
1156 465 1348 524 Caesar,
1382 481 1442 513 ex
1476 461 1707 512 omnibus
1737 460 1926 512 Latinis

270 544 430 595 verbis
466 545 611 595 huius
635 540 771 595 verbi
797 545 894 594 vim
920 547 998 595 vel
1022 544 1286 594 maximam
1322 561 1515 608 semper
1542 543 1739 608 putavi3
1773 560 1924 608 quem

271 626 404 675 enirn
436 643 527 677 nos
560 627 783 691 ineptum
807 643 1056 689 vocamuS,
1083 626 1123 676 is
1149 626 1270 676 mihi
1293 626 1486 676 videtur
1516 626 1580 676 ab
1612 627 1710 675 hoc
1741 642 1925 675 nomen
1949 640 1977 684 5
2019 644 2022 646 ⁷

271 708 453 758 habere
499 710 718 768 ductum,
763 710 900 772 quod
941 725 1043 758 non
1091 708 1152 758 sit
1197 717 1354 772 aptus,
1398 708 1550 771 idque
1594 706 1647 756 in
1687 706 1927 757 sermonis

271 789 424 839 nostri
448 790 807 840 consuetudine
830 792 1013 855 perlate
1031 799 1195 855 patet3
1230 807 1346 839 nam
1370 789 1455 853 qui
1478 798 1562 839 aut
1586 797 1781 852 tempus
1805 787 1928 852 quid

271 872 486 934 postulet
525 888 628 920 non
665 870 798 920 videt
834 880 919 920 aut
959 873 1099 935 plura
1134 870 1349 934 loquitur
1384 880 1470 919 aut
1506 887 1559 920 se
1593 878 1808 920 ostentat
1842 877 1928 918 aut

273 969 457 1013 eorum,
484 952 783 1016 quibuscum
806 961 891 1012 est,
919 954 997 1001 vel
1029 951 1277 1015 dignitatis
1300 953 1378 1001 vel
1410 950 1662 1001 commodi
1685 950 1927 1018 rationem

273 1049 375 1081 non
411 1033 561 1082 habet
595 1041 679 1082 aut
713 1032 930 1096 denique
964 1031 1016 1080 in
1050 1031 1217 1096 aliquo
1257 1049 1434 1096 genere
1473 1041 1559 1081 aut
1597 1030 1926 1081 inconcinnus
1952 1051 2005 1080 10

203 1125 249 1164 18
273 1121 358 1161 aut
392 1115 574 1162 multus
599 1122 686 1173 est,
713 1112 753 1162 is
777 1113 974 1177 ineptus
999 1129 1108 1162 esse
1130 1112 1321 1163 dicitur.
1394 1115 1512 1162 Hoc
1535 1111 1654 1162 vitio
1678 1114 1935 1162 cumulata

272 1203 346 1243 est
392 1193 720 1244 eruditissima
764 1192 847 1242 illa
894 1195 1195 1243 Graecorum
1230 1193 1399 1255 natio;
1446 1193 1612 1257 itaque
1650 1195 1788 1257 quod
1827 1192 1928 1243 vim

271 1274 416 1325 huius
453 1274 569 1324 mali
605 1275 781 1327 Graeci
816 1292 918 1325 non
953 1274 1135 1336 vident,
1175 1292 1238 1324 ne
1269 1291 1454 1325 nomen
1489 1274 1693 1338 quidem
1727 1273 1774 1325 ei
1808 1273 1930 1324 vitio

270 1355 642 1420 imposuerunt3
691 1365 746 1405 ut
786 1356 918 1406 enim
957 1373 1161 1420 quaeras
1202 1356 1381 1416 omnia,
1422 1372 1523 1419 quo
1560 1356 1714 1405 modo
1752 1354 1929 1405 Graeci

271 1436 493 1500 ineptum
548 1439 811 1501 appellent,
860 1454 964 1487 non
1014 1437 1237 1500 reperies.
1333 1436 1572 1487 Omnium
1617 1444 1786 1486 autem
1829 1435 1930 1485 ine-
1953 1453 2005 1495 15

271 1517 494 1581 ptiarum,
522 1534 649 1582 quae
685 1526 799 1567 sunt
834 1517 1230 1577 innumerabiles,
1256 1518 1391 1567 haud
1427 1516 1578 1566 sciam
1605 1533 1669 1565 an
1702 1518 1838 1566 nulla
1867 1515 1931 1566 sit

272 1598 426 1648 maior
461 1615 624 1662 quam,
653 1607 707 1647 ut
731 1597 800 1647 illi
823 1599 997 1658 solent,
1020 1614 1337 1662 quocumque
1366 1597 1417 1646 in
1440 1599 1567 1658 loco,
1588 1612 1930 1661 quoscumque

271 1678 396 1728 inter
428 1678 654 1728 homines
683 1678 844 1728 visum
873 1688 959 1739 est,
987 1680 1051 1728 de
1083 1678 1229 1728 rebus
1257 1687 1342 1727 aut
1377 1677 1674 1728 difficillimis
1709 1686 1795 1727 aut
1826 1694 1930 1726 non

273 1759 556 1809 necessariis
592 1759 897 1823 argutissime
933 1758 1195 1823 disputare.
1269 1761 1387 1809 Hoc
1415 1776 1507 1809 nos
1535 1760 1599 1809 ab
1631 1758 1735 1808 istis
1766 1759 1933 1808 adule-

220 1830 251 1878 5
275 1839 524 1889 scentibus
540 1841 699 1889 facere
717 1839 855 1888 inviti
875 1848 923 1889 et
941 1849 1222 1889 recusantes
1241 1839 1346 1889 heri
1369 1839 1528 1890 coacti
1546 1840 1746 1889 sumus.’
1797 1841 1930 1888 Tum
1955 1858 2007 1886 πο

205 1905 250 1946 ¹9
277 1922 481 1971 Catulus
514 1924 525 1946 ‘
542 1938 606 1970 ne
640 1920 815 1970 Graeci
845 1921 1078 1984 quidem,'
1102 1920 1262 1985 inquit
1290 1923 1509 1982 ‘Crasse,
1536 1921 1622 1985 qui
1650 1920 1702 1970 in
1729 1919 1932 1970 civitati-

273 2002 366 2051 bus
397 2001 496 2050 suis
528 2001 643 2051 clari
672 2011 720 2051 et
753 2002 917 2066 magni
946 2004 1155 2062 fuerunt,
1184 2002 1327 2051 sicuti
1355 2012 1409 2051 tu
1442 2019 1494 2052 es
1518 2018 1720 2066 ‘nosque
1755 2018 1929 2052 omnes

272 2081 323 2130 in
359 2091 524 2130 nostra
558 2099 609 2131 re
644 2081 843 2145 publica
874 2084 1102 2131 volumus
1139 2099 1259 2143 esse,
1287 2084 1465 2132 horum
1501 2084 1816 2143 Graecorum,
1843 2081 1930 2146 qui

272 2180 325 2213 se
362 2163 611 2212 inculcant
647 2163 846 2213 auribus
888 2163 1079 2224 nostris,
1124 2163 1307 2213 similes
1349 2166 1558 2224 fuerunt,
1602 2181 1697 2214 nec
1732 2163 1785 2213 in
1826 2163 1929 2214 otio

201 2268 250 2296 20
273 2261 523 2294 sermones
547 2243 692 2293 huius
718 2243 855 2294 modi
879 2244 1335 2309 disputationesque
1360 2245 1624 2310 fugiebant.
1674 2248 1750 2294 Ac
1774 2244 1815 2294 si
1839 2244 1929 2294 tibi
1954 2258 2002 2299 25

271 2325 510 2385 videntur,
539 2325 624 2389 qui
648 2325 894 2389 temporis,
924 2326 1010 2390 qui
1033 2326 1143 2386 loci,
1171 2325 1256 2389 qui
1279 2326 1539 2375 hominum
1563 2325 1803 2376 rationem
1826 2342 1930 2376 non

272 2407 470 2466 habent,
502 2405 669 2470 inepti,
705 2406 831 2455 sicut
866 2407 1052 2456 debent
1083 2406 1250 2467 videri,
1282 2424 1404 2455 num
1437 2409 1640 2457 tandem
1671 2415 1756 2456 aut
1790 2408 1930 2456 locus

272 2486 353 2536 hic
393 2504 495 2536 non
532 2487 741 2538 idoneus
779 2487 984 2549 videtur,
1027 2488 1080 2536 in
1120 2504 1221 2552 quo
1261 2487 1477 2552 porticus
1518 2490 1642 2539 haec
1681 2487 1799 2553 ipsa,
1843 2486 1930 2538 ubi

272 2584 407 2616 nunc
433 2569 758 2628 ambulamuS‚
786 2578 835 2618 et
858 2571 1099 2633 palaestra
1122 2577 1172 2619 et
1203 2576 1276 2618 tot
1308 2568 1430 2619 locis
1462 2569 1705 2619 sessiones
1732 2585 1934 2634 gymna-

273 2648 457 2698 siorum
498 2657 547 2698 et
588 2651 889 2699 Graecorum
936 2649 1327 2714 disputationum
1374 2640 1663 2700 memoriam
1709 2651 1928 2714 quodam
1952 2662 2004 2702 30

274 2731 426 2780 modo
444 2733 796 2780 commovent?
864 2734 966 2785 Aut
990 2749 1111 2781 num
1135 2730 1473 2795 importunum
1497 2740 1691 2797 tempus
1715 2731 1767 2781 in
1791 2740 1930 2781 tanto

331 2858 350 2884 1
382 2844 526 2885 libebit
554 2844 620 2885 L:
650 2846 794 2886 licebit
823 2847 877 2885 M
1072 2860 1118 2886 11
1151 2847 1358 2887 comulata
1377 2846 1472 2886 H¹:
1503 2847 1806 2888 commaculata
1824 2847 1930 2887 Doe-

274 2899 419 2939 derlein
589 2913 638 2950 13
666 2902 866 2940 videntur
884 2901 958 2941 H:
993 2914 1080 2941 non
1101 2902 1247 2941 vident
1267 2915 1320 2941 eo
1339 2901 1541 2941 Friedrich
1673 2905 1725 2941 16
1751 2902 1865 2942 nulla
1884 2917 1927 2943 e:

273 2954 358 2994 ulla
375 2953 427 2992 H
580 2968 627 3004 17
657 2968 933 3005 quoscunque
962 2969 1005 2996 ετ
1035 2968 1227 3006 quosque
1250 2955 1359 2997 codd.
1499 2969 1555 2996 20
1582 2956 1689 2996 Tum
1717 2957 1852 3010 incipit
1865 2956 1923 3008 A,

276 3009 441 3048 redeunt
467 3023 561 3048 cum
582 3009 624 3048 E
638 3014 729 3048 tum
760 3010 902 3049 mutili
927 3011 1154 3049 recentiores
1326 3023 1378 3061 24
1408 3023 1488 3051 nec
1508 3015 1651 3051 tamen
1670 3011 1708 3051 L
1872 3024 1928 3061 30

275 3065 529 3104 Graecarum
551 3062 588 3101 L
702 3064 1031 3114 disputationem
1053 3063 1106 3103 M
