2150 3444
100 165 167 214 43
191 173 264 216 191
749 155 819 203 M.
859 154 1067 203 TVLLI
1105 154 1485 204 CICERONIS

191 311 264 354 192
291 293 374 355 eis,
414 293 499 358 qui
535 293 812 358 peritissimi
848 302 975 355 sunt,
1013 295 1374 357 anteponatur?
1443 292 1626 343 Omnia
1661 301 1774 344 sunt
1809 293 1942 344 enim

289 375 449 438 posita
471 385 586 425 ante
623 378 807 436 oculos,
835 378 1092 425 conlocata
1129 375 1179 424 in
1217 392 1309 425 usu
1347 375 1611 436 cotidiano,
1638 375 1690 425 in
1721 392 1943 440 congres-

289 454 428 505 sione
459 456 718 505 hominum
755 465 904 520 atque
939 455 990 505 in
1014 458 1120 505 foro
1139 473 1155 517 3
1189 472 1351 520 neque
1375 455 1442 505 ita
1465 456 1630 505 multis
1653 455 1823 506 litteris
1857 461 1943 506 aut

287 537 622 587 voluminibus
662 537 850 600 magnis
891 537 1205 587 continentur
1220 556 1235 599 ς
1284 539 1459 587 eadem
1497 537 1630 586 enim
1667 539 1793 587 elata
1827 546 1942 588 sunt

287 616 500 679 primum
536 634 567 666 a
602 617 835 680 pluribus,
862 617 1045 667 deinde
1078 617 1247 681 paucis
1271 617 1431 667 verbis
1457 617 1769 668 commutatis
1793 617 1940 667 etiam
1963 632 1987 674 5

189 717 262 756 193
287 698 352 746 ab
376 698 563 747 eisdem
587 698 903 762 scriptoribus
939 698 1117 762 scripta
1151 708 1264 748 sunt
1298 698 1503 762 saepius.
1576 698 1786 749 Accedit
1808 716 1938 759 vero,

287 795 389 841 quo
434 779 623 829 facilius
669 779 854 843 percipi
900 768 1231 843 cognoscique
1277 779 1351 829 ius
1400 779 1541 829 civile
1586 779 1754 843 possit,
1804 782 1940 844 quod

287 859 490 908 minime
520 860 740 924 plerique
774 860 1077 921 arbitrantur,
1103 860 1225 910 mira
1247 862 1492 925 quaedam
1516 860 1567 910 in
1592 863 1941 924 cognoscendo

287 940 498 988 suavitas
523 948 571 988 et
595 940 856 989 delectatio
874 958 889 1001 3
921 958 1050 1001 nam,
1078 940 1179 990 sive
1202 958 1351 1004 quem
1387 943 1511 990 haec
1547 941 1754 990 Aeliana
1777 941 1940 991 studia

286 1021 548 1080 delectant,
573 1020 783 1083 plurima
806 1029 879 1068 est
903 1029 951 1069 et
974 1020 1025 1069 in
1050 1020 1187 1069 omni
1217 1020 1321 1069 iure
1344 1020 1475 1070 civili
1498 1029 1547 1070 et
1571 1020 1622 1070 in
1646 1021 1938 1084 pontificum
1963 1035 2015 1066 10

285 1099 421 1149 libris
446 1108 495 1149 et
517 1099 569 1148 in
592 1115 670 1148 ΧΠ
696 1100 874 1150 tabulis
897 1100 1198 1164 antiquitatis
1223 1100 1418 1164 effigies,
1445 1102 1583 1164 quod
1607 1110 1655 1150 et
1678 1101 1939 1151 verborum

285 1189 502 1229 vetustas
538 1180 698 1244 prisca
734 1180 1045 1244 cognoscitur
1089 1189 1139 1230 et
1183 1180 1436 1231 actionum
1476 1197 1657 1244 genera
1695 1182 1940 1245 quaedam

286 1261 528 1310 maiorum
569 1260 980 1311 consuetudinem
1016 1260 1266 1324 vitamque
1310 1262 1592 1323 declarant,
1649 1260 1751 1311 sive
1790 1277 1940 1326 quem

286 1341 441 1392 civilis
487 1341 703 1403 scientia,
751 1359 901 1406 quam
947 1343 1182 1392 Scaevola
1226 1358 1329 1391 non
1373 1350 1515 1406 putat
1571 1341 1775 1392 oratoris
1832 1358 1941 1392 esse

284 1423 546 1486 propriam,
589 1425 678 1473 sed
712 1423 968 1473 cuiusdam
1005 1440 1065 1472 ex
1100 1422 1197 1472 alio
1234 1439 1412 1486 genere
1445 1422 1750 1487 prudentiae,
1783 1432 1939 1474 totam
1965 1438 2014 1481 15

285 1504 415 1552 hanc
438 1503 692 1567 descriptis
717 1503 947 1553 omnibus
971 1503 1177 1552 civitatis
1200 1503 1490 1554 utilitatibus
1521 1519 1581 1554 ac
1616 1503 1836 1567 partibus
1859 1519 1938 1554 ΧΠ

285 1583 464 1633 tabulis
510 1583 750 1633 contineri
796 1583 1010 1633 videbit:
1069 1583 1170 1632 sive
1216 1600 1365 1647 quem
1411 1584 1505 1634 ista
1548 1594 1844 1648 praepotens
1889 1594 1940 1636 et

284 1664 495 1727 gloriosa
516 1664 830 1728 philosophia
844 1663 1303 1724 delectat,—-dicam
1318 1664 1775 1715 audacius—hosce
1788 1665 1940 1716 habet

283 1745 433 1795 fontis
473 1744 697 1795 omnium
743 1744 1133 1809 disputationum
1180 1761 1391 1805 suarum,
1434 1745 1520 1809 qui
1565 1744 1670 1795 iure
1714 1745 1844 1795 civili
1888 1754 1940 1796 et

184 1840 260 1883 194
282 1826 473 1890 legibus
511 1825 852 1876 continentur:
901 1842 960 1875 ex
1000 1825 1076 1875 his
1117 1825 1249 1875 enim
1295 1834 1345 1875 et
1391 1825 1680 1889 dignitatem
1726 1826 1938 1877 maxime
1961 1843 2013 1873 20

283 1908 610 1970 expetendam
669 1906 907 1966 videmuS‚
961 1923 1075 1955 curn
1129 1922 1243 1955 vera
1300 1905 1450 1955 virtus
1500 1915 1649 1970 atque
1698 1908 1937 1957 honestus

281 1986 421 2036 labor
444 1985 729 2047 honoribus,
755 1985 996 2050 praemiiS,
1028 1987 1290 2049 splendore
1326 1986 1598 2047 decoratur,
1624 1985 1741 2035 vitia
1769 1996 1936 2036 autem

282 2067 542 2117 hominum
587 2076 737 2131 atque
781 2068 976 2116 fraudes
1023 2066 1231 2127 damnis,
1274 2066 1569 2130 ignominiis,
1608 2066 1794 2127 vinclis,
1837 2084 1938 2117 ver-

283 2147 494 2208 beribus,
522 2147 714 2208 exsiliis,
742 2156 899 2197 morte
934 2149 1232 2208 multantur;
1267 2155 1315 2196 et
1339 2148 1577 2196 docemur
1608 2163 1710 2196 non
1734 2146 1937 2197 infinitis

281 2228 803 2292 concertationumque
849 2228 1006 2291 plenis
1053 2226 1481 2290 disputationibus,
1521 2227 1610 2277 sed
1649 2227 1937 2277 auctoritate
1961 2248 2010 2290 25

282 2318 505 2373 nutuque
549 2311 712 2373 legum
760 2309 972 2358 domitas
1011 2309 1192 2358 habere
1229 2307 1472 2369 libidines,
1513 2324 1739 2358 coercere
1774 2308 1936 2359 omnis

282 2389 587 2453 cupiditateS‚
626 2399 792 2439 nostra
825 2390 962 2450 tueri,
996 2390 1061 2438 ab
1097 2389 1267 2439 alienis
1305 2389 1497 2450 mentiS,
1536 2392 1721 2451 oculos,
1761 2407 1938 2442 manus

281 2471 537 2521 abstinere.
613 2475 843 2521 Fremant
879 2489 1051 2522 omnes
1088 2473 1214 2534 licet,
1242 2472 1404 2522 dicam
1441 2474 1578 2537 quod
1609 2472 1797 2523 sentio:
1833 2472 1937 2522 bib-

281 2552 517 2602 liothecas
564 2570 644 2603 me
690 2556 887 2604 hercule
933 2554 1156 2605 omnium
1210 2555 1618 2619 philosophorum
1652 2571 1780 2604 unus
1813 2552 1937 2602 mihi

282 2633 473 2683 videtur
496 2650 572 2684 ΧΗ
598 2637 874 2686 tabularum
899 2636 1105 2698 libellus,
1134 2637 1173 2687 si
1209 2637 1318 2701 quis
1343 2639 1506 2701 legum
1530 2635 1679 2686 fontis
1703 2645 1752 2686 et
1775 2635 1936 2699 capita
1958 2649 2010 2690 30

281 2715 467 2777 viderit,
494 2726 543 2767 et
565 2719 866 2769 auctoritatis
889 2721 1108 2783 pondere
1133 2728 1181 2768 et
1204 2718 1423 2768 utilitatis
1447 2719 1669 2768 ubertate
1692 2733 1931 2781 superare.

183 2513 258 2557 195

336 2844 388 2883 M
407 2865 441 2879 =
460 2845 512 2885 H
615 2861 643 2897 9
671 2847 846 2888 Aeliana
867 2847 1066 2899 Madvig:
1099 2846 1240 2887 aliena·
1251 2845 1360 2886 codd.
1533 2857 1583 2895 13
1611 2846 1701 2886 sive
1713 2845 1808 2896 quis
1821 2844 1933 2885 civili

284 2900 459 2939 scientia
477 2899 551 2940 H:
580 2913 703 2950 quern
733 2915 815 2952 γει
845 2903 957 2952 qu'od
990 2902 1051 2940 L:
1081 2901 1245 2941 civilem
1267 2900 1483 2940 scientiam
1503 2899 1616 2940 codd.
1756 2911 1808 2950 19
1834 2898 1936 2938 Post

285 2953 402 2993 verba
430 2954 520 2994 iure
549 2955 656 2994 civili
678 2956 829 3005 explicit
843 2955 922 3006 sol.
943 2956 1040 2995 xxiv
1065 2954 1204 2994 codicis·
1221 2954 1440 2994 Harleiam'
1463 2953 1652 2993 nondum
1668 2952 1932 3005 persmptum

288 3020 335 3046 21
370 3021 465 3048 cum
484 3022 611 3048 verus
632 3015 673 3048 et
693 3009 825 3048 iustus
846 3014 973 3059 atque
992 3010 1197 3049 honestus
1218 3008 1325 3048 codd.
1348 3021 1357 3047 :
1386 3021 1480 3047 corr.
1501 3006 1695 3046 Friedrich
