2112 3444
98 141 264 190 30134
746 129 816 176 M.
855 128 1063 176 TVLLI
1101 126 1481 207 CICERONIS

289 285 402 319 cum
435 269 484 318 in
523 269 621 318 vita
658 268 778 318 nihil
812 267 1070 332 quisquam
1096 267 1356 331 egregium,
1383 275 1489 318 tum
1514 275 1644 318 certe
1669 268 1779 329 hoe,
1804 268 1942 333 quod

288 358 343 399 tu
367 349 566 413 expetiS,
593 365 742 398 nemo
773 365 1010 412 umquam
1041 349 1350 411 adsequetur.
1425 349 1605 412 Neque
1626 364 1743 399 vero
1766 365 1854 399 vos
1877 349 1943 398 ad

290 447 400 480 eam
434 447 537 479 rem
573 429 719 479 video
753 446 861 480 esse
896 429 1241 489 cohortandOS,
1269 444 1409 492 quOS,
1436 445 1551 479 cum
1586 427 1709 478 mihi
1742 445 1945 495 quoque

189 527 266 570 135
291 510 394 561 sitis
418 509 626 570 molesti,
652 509 798 560 nimis
829 508 977 559 etiam
1009 511 1207 572 flagrare
1238 509 1470 572 intellego
1494 508 1773 573 cupiditate.
1844 510 1946 560 Sed

291 592 513 656 profecto
550 590 712 640 studia
742 589 864 638 nihil
896 598 1101 654 prosunt
1130 589 1449 653 perveniendi
1479 590 1659 655 aliqu0‚
1684 589 1780 640 nisi
1806 589 1943 652 illud,
1969 606 1992 649 5

261 693 263 695 ·
292 674 430 736 quod
454 688 528 733 eo,
556 688 656 736 quo
680 671 921 731 intendaS‚
947 673 1068 720 ferat
1091 672 1419 735 deducatque,
1447 670 1685 735 cognoris,
1757 672 1874 735 Qua
1890 687 1947 722 re

294 752 531 816 quoniam
555 751 676 800 mihi
700 750 853 801 levius
886 752 1140 814 quoddam
1172 767 1298 800 onus
1323 750 1574 814 imponitis
1598 767 1762 816 neque
1783 767 1844 802 ex
1864 767 1949 802 me

294 834 359 883 de
383 832 585 883 oratoris
609 841 725 892 arte,
753 833 840 881 sed
865 833 928 881 de
952 833 1045 881 hac
1070 848 1192 891 mea,
1219 834 1671 897 quantulacumque
1694 841 1781 894 est,
1801 834 1949 882 facul-

295 922 395 963 tate
427 912 671 978 quaeritis,
698 929 941 976 exponam
977 912 1117 961 vobis
1152 929 1255 961 non
1286 913 1541 975 quandam
1575 922 1660 963 aut
1693 928 1949 977 perrecon-

295 994 449 1044 ditam
495 1003 579 1043 aut
625 995 768 1043 valde
814 993 1062 1042 difficilem
1109 1002 1193 1042 aut
1251 993 1561 1057 magnificam
1617 1003 1703 1046 aut
1751 1010 1949 1058 gravem
1971 1013 2023 1043 10

295 1074 535 1124 rationem
560 1073 929 1123 consuetudinis
953 1090 1106 1133 meae,
1133 1090 1232 1137 qua
1255 1075 1508 1138 quondam
1532 1074 1704 1126 solitus
1727 1091 1838 1125 sum
1861 1073 1947 1135 uti,

196 1162 271 1216 136
297 1172 411 1204 cum
437 1153 557 1203 mihi
581 1154 632 1204 in
663 1153 759 1204 isto
791 1153 955 1203 studio
993 1153 1170 1203 versari
1201 1154 1506 1204 adulescenti
1541 1154 1749 1205 licebat.’
1817 1156 1950 1204 Tum

298 1234 541 1298 Sulpicius
583 1238 641 1284 ‘o
679 1233 826 1295 diem,
854 1235 1014 1294 Cotta,
1049 1234 1220 1283 nobis'
1253 1234 1412 1298 inquit
1447 1238 1727 1298 ‘optatuml
1796 1234 1951 1296 Quod

298 1315 431 1364 enim
472 1331 635 1379 neque
671 1314 898 1378 precibus
937 1331 1173 1378 umquam
1211 1331 1305 1364 nec
1342 1314 1624 1365 insidiando
1659 1331 1754 1365 nec
1785 1330 1954 1378 specu-

299 1397 450 1445 lando
487 1394 693 1459 adsequi
725 1394 878 1460 potui,
906 1403 973 1454 ut,
1001 1395 1121 1458 quid
1154 1396 1359 1445 Crassus
1386 1404 1550 1458 ageret
1573 1394 1847 1446 meditandi
1868 1402 1954 1446 aut
1976 1411 2025 1453 15

299 1475 499 1526 dicendi
538 1492 697 1535 causa,
725 1492 826 1524 non
859 1476 1012 1524 modo
1037 1475 1202 1525 videre
1233 1475 1369 1535 mihi,
1397 1477 1485 1525 sed
1509 1492 1569 1524 ex
1592 1475 1696 1525 eius
1720 1474 1955 1538 scriptore

299 1565 348 1605 et
372 1557 554 1605 lectore
579 1555 784 1619 Diphilo
808 1555 1041 1618 suspicari
1059 1554 1238 1615 liceret,
1259 1555 1311 1606 id
1336 1571 1479 1619 spero
1503 1571 1594 1605 nos
1618 1571 1726 1606 esse
1748 1556 1956 1619 adeptos

300 1636 566 1700 omniaque
591 1635 688 1685 iam
714 1652 772 1685 ex
796 1635 918 1698 ipSO,
946 1652 1072 1699 quae
1097 1635 1182 1686 diu
1209 1635 1449 1699 cupimus,
1468 1634 1788 1699 cognituros)

367 1719 499 1766 Tum
533 1718 738 1767 Crassus
770 1715 931 1779 ‘atqui
963 1715 1181 1777 arbitror,
1214 1715 1412 1779 Sulpici,
1447 1733 1562 1767 cum
1595 1714 1822 1775 audieriS‚
1852 1730 1957 1767 non

300 1806 401 1846 tam
430 1806 478 1846 te
502 1798 625 1846 haee
647 1796 1012 1857 admiraturum,
1035 1812 1162 1860 quae
1187 1796 1368 1857 dixero,
1396 1813 1545 1860 quam
1570 1795 1955 1846 existimaturum
1982 1816 2032 1845 20

300 1886 421 1937 tum,
441 1894 554 1926 cum
580 1894 638 1926 ea
660 1876 829 1926 audire
849 1876 1094 1940 cupiebas,
1115 1894 1313 1927 causam
1333 1895 1418 1928 cur
1437 1895 1639 1944 cuperes
1658 1894 1760 1927 non
1778 1876 1959 1938 fuisse3

301 1958 423 2007 nihil
448 1958 579 2008 enim
605 1958 766 2008 dicam
791 1958 1113 2019 reconditum,
1142 1958 1263 2007 nihil
1301 1958 1664 2023 exspectatione
1696 1966 1855 2008 vestra
1889 1957 1959 2007 di-

301 2055 468 2103 gnum,
494 2038 617 2087 nihil
640 2047 724 2088 aut
748 2038 1022 2088 inauditum
1048 2038 1187 2089 vobis
1212 2048 1296 2089 aut
1321 2039 1551 2103 cuiquam
1570 2055 1768 2090 novum.
1826 2040 1957 2088 Nam

303 2119 557 2184 principio,
579 2119 630 2169 id
649 2121 785 2183 quod
803 2129 876 2169 est
895 2120 1096 2170 homine
1123 2120 1337 2183 ingenuo
1363 2119 1722 2183 liberaliterque
1746 2119 1958 2169 educato

304 2201 522 2265 dignum,
550 2217 651 2250 non
676 2201 868 2264 negabo
892 2218 972 2250 me
996 2201 1087 2251 ista
1112 2201 1335 2251 omnium
1363 2199 1647 2250 communia
1673 2208 1723 2249 et
1751 2198 1959 2248 contrita
1982 2217 2032 2259 25

205 2297 280 2347 138
303 2290 564 2346 praecepta
587 2281 846 2332 didicisse:
884 2283 1096 2346 primum
1118 2282 1321 2333 oratoris
1346 2281 1562 2334 officium
1583 2297 1690 2330 esse
1708 2279 1872 2332 dicere
1894 2279 1960 2329 ad

305 2364 702 2427 persuadendum
719 2365 1096 2414 accommodate
1106 2382 1121 2424 3
1148 2363 1331 2414 deinde
1348 2379 1455 2412 esse
1470 2378 1672 2413 omnem
1687 2359 1961 2411 orationem

305 2453 390 2494 aut
414 2445 477 2493 de
501 2443 719 2493 infinitae
743 2445 811 2494 rei
837 2444 1127 2509 quaestione
1153 2443 1260 2496 sine
1284 2442 1625 2507 designatione
1643 2456 1962 2506 personarum

307 2534 356 2575 et
374 2535 651 2589 temporum
667 2534 751 2575 aut
766 2527 829 2576 de
845 2543 895 2575 re
912 2525 1054 2575 certis
1074 2525 1124 2574 in
1144 2523 1365 2589 personis
1381 2540 1439 2574 ac
1455 2523 1758 2588 temporibus
1773 2524 1934 2572 locata
1948 2537 1964 2586 3

207 2624 282 2667 139
308 2607 359 2656 in
384 2615 588 2670 utraque
612 2616 777 2657 autem
801 2623 853 2656 re
877 2605 1114 2670 quicquid
1139 2605 1189 2655 in
1216 2603 1598 2656 controversiam
1623 2601 1800 2663 veniat,
1825 2600 1878 2652 in
1901 2616 1963 2651 eo
1986 2618 2038 2658 30

308 2687 476 2751 quaeri
496 2690 650 2738 solere
674 2698 758 2738 aut
783 2690 1032 2738 factumne
1057 2687 1117 2736 sit
1140 2695 1238 2747 aut,
1256 2686 1297 2735 si
1323 2695 1396 2736 est
1420 2688 1619 2746 factum,
1637 2684 1783 2748 quale
1801 2681 1863 2732 sit
1879 2689 1964 2732 aut

310 2769 457 2819 etiam
483 2786 583 2832 quo
615 2769 816 2819 nomine
841 2777 1041 2819 vocetur
1071 2777 1169 2828 aut,
1197 2768 1334 2831 quod
1359 2783 1460 2816 non
1491 2765 1612 2815 nulli
1635 2765 1841 2824 addunt,
1861 2777 1966 2812 rec-

222 1702 277 1749 31

203 1772 279 1818 13⁷

371 2914 389 2939 1
420 2900 643 2950 quisquam
663 2900 836 2952 Madvig
852 2899 963 2941 Adv.
987 2899 1081 2940 Crit.
1103 2898 1159 2940 iii.
1182 2900 1261 2939 86:
1291 2897 1514 2948 quicquam
1535 2895 1644 2936 codd.
1915 2902 1963 2940 17

315 2955 524 3005 expiscari
545 2954 753 3005 Siesbyeus
