2150 3444
769 120 865 169 DE
902 119 1242 170 ORATORE
1315 121 1368 169 11
1924 124 1993 187 67
2014 138 2088 187 271

239 260 343 311 non
379 260 554 310 deceat
590 259 812 324 leporem
849 258 1310 323 humanitatemque
1345 259 1536 309 versari.
1611 262 1709 310 Sed
1751 264 1901 311 redeo
1927 278 2004 324 272

236 342 303 392 ad
325 349 500 392 cetera.
576 343 665 391 Est
689 340 805 390 huic
830 340 1095 390 finitimum
1129 339 1523 401 dissimulationi,
1551 357 1665 390 cum
1690 343 1902 392 honesto

237 423 389 472 verbo
413 422 589 473 vitiosa
612 439 688 473 res
712 424 986 487 appellatur
1005 441 1019 484 3
1066 430 1121 472 ut
1144 439 1260 472 curn
1285 421 1549 471 Africanus
1572 439 1748 473 censor
1772 423 1901 472 tribu

238 504 471 554 movebat
518 520 633 554 eum
671 503 1028 565 centurionem,
1070 502 1156 567 qui
1197 503 1249 552 in
1292 502 1433 552 Pauli
1471 519 1639 567 pugna
1676 521 1780 554 non
1821 506 1905 553 ad-
1988 507 1990 509 ’

189 600 214 644 5
238 585 405 647 fuerat,
433 601 548 635 cum
573 585 655 635 ille
684 602 737 635 se
773 584 1029 635 custodiae
1053 601 1203 634 causa
1235 584 1421 634 diceret
1446 584 1497 633 in
1522 584 1691 634 castris
1716 603 1905 635 reman-

237 665 357 717 sisse
391 674 758 731 quaereretque,
786 683 873 716 cur
903 665 970 715 ab
1001 682 1062 715 eo
1098 674 1362 727 notaretur,
1400 667 1530 715 ‘non
1562 667 1708 715 amo'
1743 666 1904 730 inquit

240 747 476 798 ‘nimium
515 747 794 812 diligentis.’
863 749 1084 797 Acutum
1119 746 1270 797 etiam
1304 746 1428 797 illud
1464 756 1550 808 est,
1595 764 1710 796 cum
1746 765 1807 796 ex
1839 750 1905 796 al-
1930 759 2008 806 273

234 829 383 880 terius
407 828 630 879 oratione
663 828 800 879 aliud
835 828 1049 892 excipias
1084 837 1235 893 atque
1269 828 1353 879 ille
1387 830 1525 891 vult3
1560 837 1615 878 ut
1644 828 1905 878 Salinatori

236 910 503 974 Maximus,
540 928 657 961 curn
703 913 923 961 Tarento
969 911 1153 960 amisso
1199 928 1364 961 arcem
1412 920 1579 960 tamen
1628 910 1796 960 Livius
1837 928 1908 960 re-

162 1008 216 1040 ιο
234 991 461 1043 tinuisset
498 995 753 1057 multaque
790 1010 851 1042 ex
897 1010 955 1043 ea
1003 993 1189 1057 proelia
1236 995 1485 1057 praeclara
1530 992 1740 1055 fecisset,
1789 1009 1905 1042 cum

231 1073 422 1138 aliquot
444 1083 559 1139 post
592 1073 736 1124 annis
771 1073 1021 1123 Maximus
1054 1074 1107 1124 id
1143 1074 1385 1139 oppidum
1410 1074 1675 1138 recepisset
1699 1083 1909 1138 rogaret-

233 1171 332 1220 que
362 1172 479 1206 eum
512 1155 767 1217 Salinator,
806 1165 861 1205 ut
893 1155 1200 1205 meminisset
1235 1172 1386 1219 opera
1421 1173 1510 1205 sua
1546 1172 1598 1204 se
1633 1157 1905 1204 Tarentum

231 1236 490 1302 recepisse,
534 1236 767 1301 ‘quidni'
809 1236 970 1300 inquit
1009 1236 1384 1287 ‘meminerimP
1442 1238 1734 1300 Numquam
1770 1236 1904 1286 enim

231 1317 544 1383 recepissem,
570 1316 665 1367 nisi
680 1325 734 1367 tu
758 1316 1090 1382 perdidisseS.'
1160 1320 1285 1368 Sunt
1309 1317 1459 1368 etiam
1478 1318 1560 1367 illa
1579 1319 1901 1380 subabsurda,
1930 1336 2010 1382 274

162 1416 209 1459 ¹5
233 1399 324 1449 sed
346 1415 409 1449 eo
432 1398 544 1463 ipso
567 1398 773 1449 nomine
798 1416 946 1463 saepe
981 1399 1200 1461 ridicula,
1229 1417 1332 1450 non
1357 1401 1520 1450 solum
1546 1398 1710 1449 mimis
1736 1416 1904 1464 perap-

231 1479 408 1546 posita,
435 1481 526 1532 sed
549 1478 700 1531 etiam
724 1482 946 1546 quodam
972 1482 1124 1531 modo
1150 1481 1295 1531 nobis
1318 1500 1328 1531 :

1179 1564 1333 1612 homo
1370 1564 1547 1624 fatuus,

365 1652 632 1709 postquam
668 1659 772 1695 rem
809 1644 992 1694 habere
1028 1643 1207 1709 coepit,
1247 1653 1321 1694 est
1357 1653 1624 1694 emortuus,

233 1725 299 1776 Et

157 1828 213 1860 πο
366 1807 490 1873 quid
514 1816 589 1858 est
602 1807 694 1858 tibi
709 1807 801 1857 ista
820 1809 1033 1858 mulier?
1068 1809 1221 1859 Uxor.
1297 1807 1478 1857 Similis
1505 1825 1584 1857 me
1610 1807 1720 1858 dius
1740 1808 1900 1859 fidius,

230 1890 298 1940 Et

363 1971 604 2037 quamdiu
628 1973 693 2023 ad
722 1989 876 2038 aquas
901 1971 1006 2034 fuit,
1034 1988 1309 2037 numquam
1335 1981 1409 2022 est
1434 1981 1700 2023 emortuus,

229 2054 402 2104 Genus
427 2055 525 2104 hoc
549 2053 704 2104 levius
730 2063 792 2116 et,
820 2062 875 2103 ut
899 2053 1015 2115 dixi,
1043 2053 1316 2115 mimicum,
1345 2055 1435 2103 sed
1460 2054 1612 2103 habet
1635 2070 1738 2103 non
1763 2071 1904 2103 num·
1927 2056 1997 2105 68

227 2151 379 2200 quam
402 2134 592 2200 aliquid
617 2135 766 2186 etiam
789 2137 924 2199 apud
957 2152 1049 2185 nos
1075 2134 1186 2196 loci,
1214 2144 1270 2184 ut
1300 2136 1379 2183 vel
1411 2151 1515 2185 non
1552 2137 1728 2185 stultus
1762 2136 1903 2199 quasi

157 2234 206 2278 ²5
227 2218 376 2266 stulte
399 2233 515 2266 curn
540 2218 642 2267 sale
666 2216 800 2267 dicat
823 2216 1042 2280 aliquid:
1091 2225 1146 2265 ut
1176 2215 1280 2277 tibi,
1308 2216 1512 2276 Antoni,
1543 2217 1758 2278 Mancia,
1786 2234 1901 2266 curn

225 2297 446 2348 audisset
470 2307 520 2348 te
552 2314 811 2348 censorem
845 2315 876 2348 a
914 2300 984 2347 M.
1015 2296 1244 2347 Duronio
1273 2298 1339 2347 de
1362 2297 1554 2347 ambitu
1578 2300 1898 2361 postulatum,

231 2379 528 2444 ‘aliquando
546 2380 558 2402 '
581 2379 743 2444 inquit
766 2378 883 2428 ‘tibi
902 2388 1044 2429 tuum
1060 2378 1317 2443 negotium
1331 2396 1475 2443 agere
1491 2379 1691 2430 licebit.'
1738 2382 1900 2430 Valde
1927 2396 2007 2443 275

227 2463 351 2512 haec
375 2461 598 2512 ridentur
620 2470 670 2511 et
704 2463 905 2511 hercule
937 2461 1120 2522 omnia,
1149 2477 1278 2525 quae
1306 2477 1336 2510 a
1359 2461 1688 2525 prudentibus
1715 2460 1899 2529 [quasi]

226 2559 315 2608 per
354 2542 721 2593 simulationem
766 2541 888 2610 [non
936 2541 1276 2610 intellegendi]
1320 2543 1630 2593 subabsurde
1672 2545 1899 2608 salseque

153 2646 204 2686 30
225 2624 470 2676 dicuntur.
547 2627 623 2674 Ex
647 2641 748 2690 quo
783 2641 963 2688 genere
992 2633 1066 2674 est
1099 2624 1249 2674 etiam
1285 2641 1388 2674 non
1425 2624 1579 2674 videri
1615 2625 1898 2689 intellegere

281 2753 336 2794 M
352 2774 387 2788 =
407 2753 462 2793 H
583 2768 611 2806 9
631 2754 744 2793 illius
756 2754 850 2794 Hm
870 2768 880 2795 t
912 2753 1057 2794 Livius
1079 2754 1212 2794 Iulius
1226 2752 1309 2795 Le:
1340 2753 1412 2793 ille
1426 2755 1519 2794 eius
1532 2754 1734 2795 Friedrich
1849 2769 1894 2796 11

225 2823 365 2850 annos
385 2809 422 2848 L
567 2822 616 2859 14
646 2809 858 2860 cepissem
873 2808 969 2848 Hm
1103 2810 1151 2848 18
1180 2814 1374 2849 mortuus
1388 2809 1526 2850 codd:
1559 2823 1658 2850 corr.
1686 2810 1899 2850 Turnebus

226 2865 342 2916 (item
355 2864 396 2905 in
410 2877 447 2905 v.
463 2864 537 2910 22)
652 2877 702 2914 19
731 2869 773 2903 et
787 2863 883 2904 add.
904 2862 1140 2904 Lambinus
1248 2875 1300 2915 25
1320 2864 1452 2903 stulte
1464 2878 1549 2904 om.
1568 2864 1663 2904 Hm
1742 2864 1897 2905 Mancii

225 2919 336 2971 vulg.
356 2933 365 2957 :
397 2919 572 2958 minima
591 2917 686 2958 Hm
797 2919 850 2957 28
878 2919 985 2958 haec
1009 2918 1096 2971 (xiv
1114 2919 1189 2959 litt.
1210 2925 1272 2970 sp.
1298 2919 1402 2972 vac.)
1426 2924 1494 2959 tur
1513 2924 1557 2958 et
1576 2918 1630 2958 H
1734 2933 1788 2970 29
1818 2933 1898 2971 per

225 2973 317 3014 sim.
333 2986 375 3014 n.
390 2972 524 3013 intell.
543 2972 631 3014 secl.
648 2971 872 3014 Friedrich:
900 2985 988 3013 non
1002 2973 1080 3015 int.
1094 2973 1179 3014 secl.
1197 2973 1363 3013 Ernesti
1442 2973 1822 3016 dissimulationem
1835 2972 1895 3016 Le
