2150 3444
756 111 853 160 DE
889 110 1231 161 ORATORE
1302 110 1387 159 111
1927 108 2094 169 48185

237 258 290 301 et
306 250 475 315 pedeS‚
494 257 550 300 ut
572 248 640 299 ait
664 247 814 310 idem,
832 258 947 315 sunt
970 249 1023 298 in
1047 248 1184 298 omni
1208 246 1445 311 locupleti
1463 246 1685 297 oratione
1705 247 1883 297 diffusa
1893 265 1908 309 3

238 339 303 392 et,
328 330 371 381 si
406 346 727 381 numerosum
751 339 826 380 est
849 329 902 378 in
926 329 1160 380 omnibus
1186 328 1320 378 sonis
1344 337 1493 391 atque
1522 327 1742 388 vocibus,
1770 329 1908 392 quod

237 412 391 462 habet
426 413 669 476 quasdam
705 410 1054 476 impressiones
1092 419 1142 460 et
1171 411 1310 475 quod
1347 408 1507 458 metiri
1542 425 1807 472 possumus
1839 409 1909 458 in-

238 481 451 544 tervallis
497 492 801 558 aequalibuS,
851 501 983 543 recte
1029 508 1185 557 genus
1239 493 1338 541 hoc
1395 507 1729 552 numerorum,
1787 492 1909 540 dum

192 589 217 632 5
239 575 394 625 modo
428 591 493 624 ne
533 573 758 624 continui
794 573 905 634 sint,
944 573 996 622 in
1032 571 1266 622 orationis
1307 572 1455 622 laude
1490 571 1702 635 ponitur.
1777 573 1910 620 Nam

239 654 281 704 si
304 654 440 706 rudis
473 664 522 704 et
555 654 780 719 impolita
815 655 1038 718 putanda
1073 663 1147 703 est
1176 653 1262 702 illa
1296 652 1403 702 sine
1438 652 1704 702 intervallis
1742 654 1911 716 loqua-

239 735 361 786 citas
385 735 616 800 perennis
649 744 698 784 et
730 737 996 799 profluens,
1024 734 1146 798 quid
1171 743 1245 784 est
1280 733 1416 784 aliud
1450 750 1628 783 causae
1661 750 1748 783 cur
1772 749 1911 798 repu-

239 816 415 877 dietur,
436 815 531 866 nisi
555 817 694 880 quod
717 815 980 865 hominurn
1003 815 1204 865 auribus
1228 832 1405 865 vocem
1429 824 1603 865 natura
1628 816 1911 865 modulatur

239 895 385 961 ipsa?
454 898 608 960 Quod
632 896 750 958 fieri,
789 896 883 946 nisi
916 897 1043 946 inest
1073 913 1307 947 numerus
1343 896 1395 945 in
1426 913 1562 956 voce,
1590 913 1694 946 non
1729 904 1906 960 potest.

167 997 220 1028 10
242 979 493 1028 Numerus
527 986 696 1028 autem
737 977 788 1026 in
821 977 1195 1028 continuatione
1232 979 1397 1028 nullus
1432 987 1506 1027 est
1523 996 1537 1039 3
1573 977 1827 1027 distinctio
1862 986 1912 1027 et
1939 981 2012 1022 186

238 1059 522 1124 aequalium
580 1069 667 1108 aut
725 1076 872 1123 saepe
930 1059 1175 1108 variorum
1234 1059 1600 1109 intervallorum
1658 1058 1911 1123 percussio

239 1158 503 1191 numerum
538 1140 753 1202 conficit,
792 1156 942 1204 quem
980 1140 1032 1189 in
1070 1140 1364 1191 cadentibus
1396 1140 1558 1204 guttis,
1595 1142 1734 1204 quod
1769 1140 1912 1190 inter-

240 1222 378 1272 vallis
402 1221 783 1287 distinguuntur,
811 1231 982 1274 notare
1007 1239 1287 1288 possumuS,
1314 1222 1366 1271 in
1389 1222 1525 1272 amni
1557 1221 1911 1287 praecipitante

240 1321 344 1354 non
368 1321 647 1368 possumus.
721 1305 876 1366 Quod
901 1303 942 1353 si
966 1304 1274 1354 continuatio
1306 1305 1569 1355 verborum
1602 1306 1725 1354 haec
1749 1306 1911 1353 soluta

169 1404 218 1446 ¹5
241 1386 400 1435 multo
424 1394 499 1435 est
516 1385 677 1450 aptior
699 1394 849 1450 atque
867 1385 1143 1446 iucundior,
1172 1386 1213 1436 si
1237 1395 1312 1436 est
1335 1386 1550 1436 articulis
1577 1385 1911 1450 membrisque

230 1465 488 1528 distincta,
532 1483 684 1532 quam
728 1466 771 1517 si
818 1466 1108 1517 continuata
1153 1484 1212 1517 ac
1258 1469 1515 1533 producta,
1559 1468 1783 1517 membra
1828 1467 1911 1515 illa

242 1548 529 1600 modificata
575 1565 683 1599 esse
724 1549 983 1599 debebunt
999 1567 1013 1610 ;
1066 1566 1194 1614 quae
1235 1549 1276 1599 si
1322 1550 1374 1598 in
1421 1558 1640 1599 extremo
1688 1549 1912 1599 breviora

242 1638 372 1692 sunt,
398 1629 674 1696 infringitur
697 1629 779 1680 ille
803 1629 945 1694 quasi
967 1630 1231 1681 verborum
1266 1630 1513 1690 ambitus3
1550 1630 1620 1679 sic
1653 1630 1786 1680 enim
1820 1632 1910 1680 has

242 1711 479 1763 orationis
503 1711 853 1763 conversiones
883 1712 1060 1762 Graeci
1085 1712 1359 1762 nominant.
1434 1714 1548 1775 Qua
1579 1730 1631 1762 re
1659 1721 1744 1762 aut
1776 1712 1911 1778 paria

169 1813 222 1842 20
243 1811 351 1845 esse
386 1794 574 1845 debent
604 1794 876 1865 posteriora
907 1794 1254 1859 superioribuS‚
1282 1804 1331 1845 et
1364 1803 1582 1844 extrema
1609 1794 1779 1859 primis
1807 1804 1905 1855 aut,
1931 1839 2004 1888 49

241 1877 380 1940 quod
404 1875 554 1925 etiam
578 1885 652 1925 est
684 1875 861 1926 melius
897 1885 946 1926 et
980 1875 1259 1938 iucundiuS,
1286 1875 1521 1940 longiora.
1594 1879 1761 1941 Atque
1786 1878 1909 1927 haec
1938 1904 2014 1957 187

241 1957 448 2023 quidem
472 1959 538 2008 ab
574 1957 645 2008 eis
681 1957 1008 2022 philosophiS,
1036 1975 1162 2022 quos
1195 1968 1249 2008 tu
1273 1958 1487 2008 maxime
1511 1958 1686 2023 diligis,
1716 1961 1907 2019 Catule,

240 2038 375 2089 dicta
398 2048 514 2089 sunt
530 2057 544 2101 ;
580 2041 718 2103 quod
743 2056 804 2089 eo
828 2039 1024 2103 saepius
1049 2039 1297 2102 testificor,
1325 2049 1379 2089 ut
1402 2039 1687 2090 auctoribus
1711 2042 1914 2091 laudan-

240 2120 318 2171 dis
369 2120 666 2186 ineptiarum
726 2120 914 2171 crimen
974 2121 1236 2186 effugiam!
1343 2124 1596 2185 ‘Quarum
1643 2124 1912 2173 tandem?'

169 2217 219 2260 25
241 2201 402 2267 inquit
440 2204 648 2254 Catulus
695 2207 805 2252 ‘aut
842 2202 966 2268 quid
1006 2203 1342 2268 disputatione
1388 2203 1482 2253 ista
1527 2204 1706 2254 adferri
1746 2214 1910 2269 potest

228 2283 514 2348 >elegantius
553 2292 640 2333 aut
672 2283 879 2334 omnino
917 2283 1018 2334 dici
1056 2285 1346 2335 subtilius?'
1420 2288 1515 2334 ‘At
1548 2285 1681 2335 enirn
1710 2289 1911 2350 vereor‚'
1939 2299 2016 2340 188

241 2364 403 2430 inquit
427 2367 635 2418 Crassus
664 2369 755 2416 ‘ne
791 2367 914 2416 haec
949 2375 1035 2415 aut
1066 2366 1341 2417 difficiliora
1375 2365 1480 2416 istis
1515 2368 1581 2416 ad
1617 2384 1913 2432 persequen-

241 2448 363 2498 dum
389 2464 497 2498 esse
519 2447 780 2499 videantur
811 2457 912 2509 aut,
938 2447 1054 2512 quia
1086 2466 1189 2499 non
1218 2450 1477 2499 traduntur
1511 2449 1564 2498 in
1599 2448 1783 2512 vulgari
1819 2449 1914 2500 ista

241 2526 517 2593 disciplina,
554 2545 647 2579 nos
686 2545 746 2579 ea
782 2529 969 2579 maiora
1005 2547 1064 2579 ac
1106 2530 1381 2581 difficiliora
1422 2530 1577 2581 videri
1618 2532 1743 2581 velle
1780 2530 1914 2582 vide-

296 2657 351 2698 M
366 2678 402 2693 ==
426 2657 565 2698 AEH
724 2673 750 2698 2
779 2660 822 2699 id
842 2660 885 2699 in
902 2659 940 2697 L
1080 2671 1106 2709 5
1136 2661 1379 2700 continuum
1394 2658 1500 2700 sitL
1522 2660 1637 2712 vulg.
1777 2674 1909 2713 pone-

242 2719 310 2754 tur
328 2712 366 2751 L
386 2713 497 2766 vulg.
648 2715 676 2753 6
704 2714 873 2754 indocta
893 2712 930 2751 L
1081 2726 1104 2764 7
1136 2727 1288 2755 causae
1309 2714 1346 2753 L
1367 2715 1479 2766 vulg.
1502 2729 1512 2754 t
1541 2728 1669 2755 causa
1690 2714 1744 2754 M
1883 2717 1911 2755 8

242 2768 414 2808 auribus
446 2767 503 2808 eL
524 2768 666 2820 vulg.:
712 2769 826 2808 auris
858 2767 912 2806 M
1099 2775 1277 2809 naturae
1308 2768 1346 2808 L
1514 2770 1789 2810 modulantur
1816 2769 1910 2810 Am

240 2836 268 2873 9
287 2823 408 2873 ipsae
429 2821 526 2862 Mm
641 2835 687 2861 11
720 2829 793 2862 aut
812 2821 889 2862 M:
918 2828 964 2862 ut
984 2822 1020 2860 L
1041 2837 1051 2863 ι
1080 2829 1123 2863 et
1143 2824 1254 2875 vulg.
1373 2826 1423 2864 16
1451 2825 1642 2864 membra
1657 2823 1753 2864 Mm
1766 2826 1876 2878 vulg.
1900 2839 1911 2866 τ

240 2877 370 2916 verba
400 2875 439 2915 L
611 2890 657 2927 17
688 2877 731 2916 in
762 2883 957 2917 extremo
985 2877 1125 2929 vulga:
1168 2878 1211 2918 in
1230 2892 1316 2919 om.
1336 2878 1391 2918 M
1555 2892 1604 2930 19
1633 2880 1749 2930 paria
1769 2880 1909 2931 vulg.:

240 2932 376 2983 prima
395 2930 450 2970 M
611 2944 662 2982 27
692 2932 745 2972 ad
767 2945 808 2983 p.
833 2961 844 2974 .
869 2960 880 2973 .
901 2960 912 2973 .
939 2933 1022 2973 ista
1039 2945 1123 2973 om.
1149 2931 1187 2971 L
1352 2946 1407 2985 29
1435 2947 1515 2974 nos
1537 2934 1650 2986 vulg.
1673 2949 1683 2975 z
1712 2947 1798 2974 non
1819 2933 1874 2974 M
