2150 3444
84 170 148 218 24
174 167 245 206 101
730 155 799 202 M,
840 155 1050 202 TVLLI
1088 153 1471 203 CICERONIS

274 292 409 352 nulli,
437 294 558 342 dum
591 308 791 356 operam
826 307 963 340 suam
994 292 1199 339 multam
1230 289 1493 340 existimari
1524 293 1710 353 volunt,
1737 301 1791 342 ut
1822 301 1929 342 toto

275 375 381 423 foro
421 373 623 423 volitare
661 382 710 422 et
747 389 776 422 a
813 388 960 421 causa
1000 373 1064 421 ad
1103 388 1301 420 causam
1339 371 1408 421 ire
1447 371 1718 433 videantur,
1758 389 1930 423 causas

276 454 449 504 dicunt
483 436 790 517 in‘cognitas3
843 452 894 500 in
927 469 1028 516 quo
1053 461 1127 502 est
1161 452 1244 501 illa
1279 452 1482 516 quidem
1517 470 1696 516 magna
1723 454 1932 504 offensio

275 537 352 584 vel
375 533 724 598 neglegentiae,
746 533 985 596 susceptis
1009 533 1168 593 rebuS,
1195 535 1273 582 vel
1296 533 1543 597 perfidiae,
1570 534 1778 598 receptis
1794 553 1808 596 3
1843 536 1931 584 sed

275 616 423 665 etiam
447 615 529 664 illa
553 614 707 663 maior
731 613 978 678 opinione,
1002 615 1137 677 quod
1162 630 1311 663 nemo
1334 623 1497 678 potest
1521 616 1584 664 de
1608 632 1668 664 ea
1690 633 1754 675 re,
1781 631 1932 679 quam
1955 633 1979 674 5

275 714 378 746 non
402 696 551 755 novit,
570 713 673 745 non
697 694 977 759 turpissime
1000 695 1165 745 dicere
1187 713 1198 743 t
1233 695 1301 743 ita
1325 696 1446 744 dum
1470 694 1672 745 inertiae
1695 695 1934 760 vitupera-

276 778 476 837 tionem,
519 793 646 840 quae
687 776 843 826 maior
888 785 974 836 est,
1025 785 1365 836 contemnunt,
1404 778 1745 840 adsequuntur
1783 777 1933 828 etiam

174 880 249 908 102
276 859 423 918 illam,
452 875 601 922 quam
631 857 784 921 magis
816 857 911 921 ipsi
946 857 1151 921 fugiunt,
1189 857 1440 907 tarditatis.
1516 858 1764 922 Equidem
1796 860 1934 909 soleo

278 940 395 988 dare
419 955 633 1002 operam,
660 947 715 987 ut
738 939 804 987 de
827 954 916 987 sua
947 938 1157 1002 quisque
1185 955 1237 987 re
1265 956 1346 988 me
1377 939 1485 1003 ipse
1516 941 1696 990 doceat
1718 949 1768 990 et
1791 948 1847 989 ut
1869 957 1934 990 ne

278 1019 388 1083 quis
428 1019 552 1068 alius
592 1018 734 1078 adsit,
773 1035 874 1082 quo
909 1019 1108 1068 liberius
1143 1021 1383 1082 loquatur,
1422 1029 1473 1070 et
1506 1038 1650 1084 agere
1689 1021 1935 1071 adversari
1959 1040 2009 1070 10

278 1117 490 1160 causam,
518 1108 573 1149 ut
596 1099 678 1149 ille
701 1108 813 1164 agat
837 1116 976 1149 suam
1009 1108 1058 1149 et
1083 1099 1321 1163 quicquid
1350 1102 1414 1150 de
1439 1117 1527 1150 sua
1561 1118 1613 1152 re
1636 1102 1859 1166 cogitarit
1882 1102 1935 1152 in

278 1181 499 1232 medium
534 1182 780 1245 proferat:
831 1180 1000 1244 itaque
1034 1198 1148 1230 cum
1184 1181 1266 1230 ille
1307 1181 1544 1242 discessit,
1583 1182 1668 1232 tris
1702 1200 1937 1247 personas

278 1280 405 1313 unus
453 1261 672 1312 sustineo
719 1278 913 1311 summa
957 1262 1110 1311 animi
1156 1262 1416 1326 aequitate,
1460 1280 1636 1323 meam,
1676 1263 1934 1324 adversari,

278 1343 466 1392 iudicis,
541 1342 642 1405 Qui
666 1344 804 1392 locus
828 1352 902 1392 est
926 1343 1047 1402 talis,
1075 1352 1130 1392 ut
1152 1345 1262 1408 plus
1286 1345 1467 1394 habeat
1489 1345 1764 1395 adiumenti
1786 1362 1937 1410 quam

207 1416 213 1424 ²
279 1425 597 1484 incommodi,
618 1426 752 1473 hunc
774 1424 943 1474 iudico
967 1442 1074 1474 esse
1092 1425 1360 1475 dicendum
1377 1443 1391 1487 3
1426 1425 1512 1475 ubi
1527 1428 1637 1490 plus
1655 1426 1772 1476 mali
1787 1443 1936 1491 quam
1962 1442 2012 1484 15

179 1518 254 1559 103
281 1506 400 1556 boni
425 1504 628 1569 reperio,
655 1505 707 1555 id
731 1513 892 1554 totum
924 1505 1157 1555 abiudico
1189 1514 1338 1569 atque
1362 1506 1500 1557 eicio.
1576 1509 1654 1557 Ita
1676 1509 1935 1572 adsequor,

279 1597 334 1638 ut
356 1587 453 1636 alio
486 1596 708 1650 tempore
744 1586 957 1649 cogitem
993 1586 1115 1650 quid
1150 1586 1313 1636 dicam
1348 1596 1398 1637 et
1432 1587 1530 1638 alio
1565 1588 1729 1638 dicam
1745 1607 1760 1652 ς
1811 1605 1940 1653 quae

280 1671 382 1719 duo
417 1667 638 1733 plerique
670 1667 869 1731 ingenio
901 1667 1010 1717 freti
1042 1667 1187 1716 simul
1221 1667 1439 1730 faciunt3
1488 1671 1576 1720 sed
1609 1679 1741 1720 certe
1775 1669 1940 1720 eidem

279 1750 350 1800 illi
376 1750 551 1799 melius
567 1748 821 1813 aliquanto
838 1748 1070 1808 dicerent,
1094 1748 1134 1797 si
1149 1744 1283 1798 aliud
1309 1752 1608 1800 sumendum
1624 1750 1719 1800 sibi
1743 1760 1939 1816 tempus

180 1843 257 1884 104
280 1832 345 1881 ad
382 1830 714 1894 cogitandum,
758 1829 893 1878 aliud
933 1830 998 1878 ad
1037 1828 1305 1878 dicendum
1343 1839 1583 1894 putarent.
1657 1832 1788 1881 Cum
1833 1848 1938 1881 rem
1962 1849 2015 1878 20

281 1911 479 1977 penitus
505 1926 804 1972 causamque
833 1908 1055 1972 cognovi,
1087 1908 1250 1958 statim
1284 1910 1495 1959 occurrit
1517 1910 1698 1970 animo,
1726 1927 1854 1975 quae
1877 1911 1940 1960 sit

284 2008 432 2041 causa
455 1989 740 2053 ambigendi
756 2007 770 2050 ς
805 1989 928 2037 nihil
954 1997 1027 2039 est
1051 1989 1199 2049 enim,
1228 1991 1364 2053 quod
1388 1990 1515 2040 inter
1538 1990 1766 2040 homines
1788 1990 1942 2040 ambi-

282 2081 433 2136 gatur,
475 2070 577 2120 sive
612 2087 672 2120 ex
706 2069 910 2119 crimine
946 2087 1094 2119 causa
1129 2079 1333 2130 constat,
1376 2079 1431 2119 ut
1465 2070 1708 2132 facinoris,
1745 2071 1848 2121 sive
1881 2088 1942 2121 ex

282 2150 624 2211 controversia,
665 2160 719 2199 ut
754 2149 1050 2209 hereditatiS‚
1089 2150 1191 2200 sive
1221 2168 1281 2200 ex
1313 2150 1680 2211 deliberatione,
1719 2161 1773 2201 ut
1807 2151 1938 2210 belli,

284 2232 407 2301 [sive
444 2250 504 2282 ex
549 2247 772 2296 persona,
823 2239 877 2279 ut
919 2229 1120 2297 laudis‚]
1162 2231 1263 2281 sive
1301 2249 1361 2281 ex
1399 2231 1746 2296 disputatione,
1786 2241 1841 2281 ut
1878 2233 1943 2281 de
1968 2248 2017 2290 25
2078 2279 2081 2284 .

282 2313 471 2363 ratione
507 2311 718 2371 vivendi,
762 2311 814 2359 in
851 2328 951 2374 quo
992 2329 1095 2362 non
1133 2321 1217 2361 aut
1255 2312 1376 2375 quid
1416 2314 1600 2362 factum
1641 2312 1703 2361 sit
1739 2321 1825 2362 aut
1858 2313 1944 2361 fiat

198 2375 261 2425 ²5
283 2396 562 2442 futurumve
587 2392 648 2440 sit
673 2400 931 2455 quaeratur
956 2401 1041 2441 aut
1072 2395 1217 2456 quale
1242 2393 1304 2442 sit
1328 2402 1413 2442 aut
1437 2393 1559 2457 quid
1583 2402 1797 2443 vocetur.
1867 2395 1944 2442 Ac

185 2452 258 2492 ¹⁰⁵
283 2482 478 2523 nostrae
502 2474 601 2522 fere
625 2489 814 2532 causae,
835 2490 962 2536 quae
987 2473 1190 2537 quidem
1215 2483 1330 2523 sunt
1354 2474 1627 2534 criminum,
1654 2476 1945 2537 plerumque

285 2553 577 2603 infitiatione
615 2554 980 2615 defenduntur;
1032 2572 1148 2604 nam
1188 2564 1237 2604 et
1278 2556 1343 2604 de
1390 2554 1612 2618 pecuniis
1658 2553 1944 2618 repetundis

287 2650 414 2697 quae
439 2634 680 2684 maximae
706 2645 833 2696 sunt,
862 2638 1090 2700 neganda
1119 2638 1219 2685 fere
1245 2645 1359 2684 sunt
1384 2635 1564 2694 omnia,
1593 2643 1643 2684 et
1666 2635 1730 2684 de
1754 2633 1942 2684 ambitu
1966 2647 2020 2688 30

287 2730 395 2763 raro
419 2715 541 2764 illud
570 2718 725 2777 datur,
754 2726 808 2766 ut
837 2716 996 2780 possis
1038 2716 1381 2766 liberalitatem
1411 2725 1560 2779 atque
1590 2714 1944 2778 benignitatem
1982 2734 1984 2738 ’

288 2794 352 2843 ab
376 2796 565 2845 ambitu
590 2806 738 2860 atque
774 2797 1030 2860 largitione
1068 2796 1322 2859 seiungere
1343 2814 1356 2856 3
1405 2798 1469 2845 de
1494 2795 1689 2854 sicariis,
1717 2796 1781 2843 de
1804 2810 1947 2843 vene-

343 2903 398 2943 M
404 2925 438 2939 =
448 2906 587 2946 AEH
693 2919 717 2944 2
739 2918 887 2945 causas
904 2907 1044 2945 dicunt
1058 2919 1101 2943 m
1115 2918 1204 2944 recc.
1228 2919 1238 2944 ε
1258 2917 1405 2944 causas
1418 2905 1557 2944 sciunt
1569 2903 1623 2942 M
1731 2903 1782 2941 16
1799 2902 1947 2941 abdico

291 2964 411 3000 mutt.
433 2973 522 2999 rece.
544 2973 627 2998 non
650 2960 776 2998 nulli:
809 2959 956 2998 laudat
971 2959 1137 2998 Ellendt
1244 2970 1296 3008 25
1325 2959 1417 2997 sive
1437 2972 1490 2997 ex
1510 2969 1694 3008 persona
1722 2961 1770 2995 ut
1797 2954 1943 3004 laudis,

291 3026 373 3053 om.
397 3013 450 3051 M
464 3027 472 3051 :
513 3014 603 3052 sive
624 3026 677 3051 ex
698 3013 937 3052 laudatione
958 3018 1003 3051 ut
1023 3024 1233 3062 personae
1252 3012 1459 3062 Kiessling
1612 3022 1664 3059 27
1683 3010 1754 3059 qui
1774 3014 1949 3048 vocetur

292 3067 443 3105 Piderit
605 3079 653 3116 31
677 3072 803 3116 atque
821 3066 915 3105 ben.
941 3078 1022 3104 om.
1046 3064 1098 3103 M
