<?xml version="1.0" encoding="UTF-8"?>
<!DOCTYPE html PUBLIC "-//W3C//DTD XHTML 1.0 Transitional//EN"
    "http://www.w3.org/TR/xhtml1/DTD/xhtml1-transitional.dtd">
<html xmlns="http://www.w3.org/1999/xhtml" xml:lang="en" lang="en">
 <head>
  <title>
</title>
<meta http-equiv="Content-Type" content="text/html;charset=utf-8" />
  <meta name='ocr-system' content='tesseract 3.04.00' />
  <meta name='ocr-capabilities' content='ocr_page ocr_carea ocr_par ocr_line ocrx_word'/>
</head>
<body>
  <div class='ocr_page' id='page_1' title='image "./rhetoricarecogno01ciceuoft_0083.png"; bbox 0 0 2150 3444; ppageno 0'>
   <div class='ocr_carea' id='block_1_1' title="bbox 0 0 221 138">
    <p class='ocr_par' dir='ltr' id='par_1_1' title="bbox 0 0 221 138">
     <span class='ocr_line' id='line_1_1' title="bbox 0 0 221 138; baseline 0 3306"><span class='ocrx_word' id='word_1_1' title='bbox 0 0 221 138; x_wconf 95' lang='lat' dir='ltr'> </span> 
     </span>
    </p>
   </div>
   <div class='ocr_carea' id='block_1_2' title="bbox 761 153 2072 206">
    <p class='ocr_par' dir='ltr' id='par_1_2' title="bbox 761 153 2072 206">
     <span class='ocr_line' id='line_1_2' title="bbox 761 153 2072 206; baseline -0.002 -1"><span class='ocrx_word' id='word_1_2' title='bbox 761 156 856 206; x_wconf 94' lang='lat' dir='ltr'>DE</span> <span class='ocrx_word' id='word_1_3' title='bbox 893 153 1233 204; x_wconf 93' lang='lat' dir='ltr'><strong>ORATORE</strong></span> <span class='ocrx_word' id='word_1_4' title='bbox 1305 155 1330 203; x_wconf 88' lang='grc' dir='ltr'>Ι</span> <span class='ocrx_word' id='word_1_5' title='bbox 1906 156 1966 204; x_wconf 85' lang='lat'>61</span> <span class='ocrx_word' id='word_1_6' title='bbox 1992 162 2072 204; x_wconf 85' lang='lat'>260</span> 
     </span>
    </p>
   </div>
   <div class='ocr_carea' id='block_1_3' title="bbox 106 291 1994 2956">
    <p class='ocr_par' dir='ltr' id='par_1_3' title="bbox 106 291 1994 2956">
     <span class='ocr_line' id='line_1_3' title="bbox 220 291 1885 363; baseline -0.004 -16"><span class='ocrx_word' id='word_1_7' title='bbox 220 295 424 363; x_wconf 87' lang='lat' dir='ltr'>perfecit</span> <span class='ocrx_word' id='word_1_8' title='bbox 447 294 751 357; x_wconf 82' lang='lat' dir='ltr'>meditandO,</span> <span class='ocrx_word' id='word_1_9' title='bbox 777 301 832 345; x_wconf 92' lang='lat' dir='ltr'>ut</span> <span class='ocrx_word' id='word_1_10' title='bbox 855 308 1004 343; x_wconf 88' lang='lat' dir='ltr'>nemo</span> <span class='ocrx_word' id='word_1_11' title='bbox 1027 291 1222 356; x_wconf 92' lang='lat' dir='ltr'>planius</span> <span class='ocrx_word' id='word_1_12' title='bbox 1247 307 1355 341; x_wconf 89' lang='lat' dir='ltr'>esse</span> <span class='ocrx_word' id='word_1_13' title='bbox 1382 292 1576 342; x_wconf 91' lang='lat' dir='ltr'>locutus</span> <span class='ocrx_word' id='word_1_14' title='bbox 1601 300 1852 356; x_wconf 90' lang='lat' dir='ltr'>putaretur</span> <span class='ocrx_word' id='word_1_15' title='bbox 1871 310 1885 353; x_wconf 99' lang='lat'><em>3</em></span> 
     </span>
     <span class='ocr_line' id='line_1_4' title="bbox 219 372 1985 440; baseline -0.005 -10"><span class='ocrx_word' id='word_1_16' title='bbox 219 377 403 430; x_wconf 85' lang='lat' dir='ltr'>deinde</span> <span class='ocrx_word' id='word_1_17' title='bbox 427 393 542 427; x_wconf 89' lang='lat' dir='ltr'>cum</span> <span class='ocrx_word' id='word_1_18' title='bbox 566 376 763 440; x_wconf 90' lang='lat' dir='ltr'>spiritus</span> <span class='ocrx_word' id='word_1_19' title='bbox 787 374 892 425; x_wconf 92' lang='lat' dir='ltr'>eius</span> <span class='ocrx_word' id='word_1_20' title='bbox 916 381 1045 427; x_wconf 88' lang='lat' dir='ltr'>esset</span> <span class='ocrx_word' id='word_1_21' title='bbox 1074 372 1339 438; x_wconf 87' lang='lat' dir='ltr'>angustior,</span> <span class='ocrx_word' id='word_1_22' title='bbox 1366 380 1558 422; x_wconf 87' lang='lat' dir='ltr'>tantum</span> <span class='ocrx_word' id='word_1_23' title='bbox 1585 373 1885 423; x_wconf 90' lang='lat' dir='ltr'>continenda</span> <span class='ocrx_word' id='word_1_24' title='bbox 1911 381 1985 422; x_wconf 86' lang='lat'>261</span> 
     </span>
     <span class='ocr_line' id='line_1_5' title="bbox 218 454 1886 526; baseline -0.003 -17"><span class='ocrx_word' id='word_1_25' title='bbox 218 458 386 510; x_wconf 82' lang='lat' dir='ltr'>anima</span> <span class='ocrx_word' id='word_1_26' title='bbox 417 457 468 506; x_wconf 90' lang='lat' dir='ltr'>in</span> <span class='ocrx_word' id='word_1_27' title='bbox 503 457 719 507; x_wconf 91' lang='lat' dir='ltr'>dicendo</span> <span class='ocrx_word' id='word_1_28' title='bbox 754 464 828 507; x_wconf 90' lang='lat' dir='ltr'>est</span> <span class='ocrx_word' id='word_1_29' title='bbox 861 457 1141 515; x_wconf 79' lang='lat' dir='ltr'>adsecutuS,</span> <span class='ocrx_word' id='word_1_30' title='bbox 1167 462 1223 504; x_wconf 91' lang='lat' dir='ltr'>ut</span> <span class='ocrx_word' id='word_1_31' title='bbox 1254 469 1354 503; x_wconf 90' lang='lat' dir='ltr'>una</span> <span class='ocrx_word' id='word_1_32' title='bbox 1387 454 1759 526; x_wconf 76' lang='lat' dir='ltr'>continuatione</span> <span class='ocrx_word' id='word_1_33' title='bbox 1786 471 1886 504; x_wconf 86' lang='lat' dir='ltr'>ver—</span> 
     </span>
     <span class='ocr_line' id='line_1_6' title="bbox 221 534 1886 602; baseline -0.002 -13"><span class='ocrx_word' id='word_1_34' title='bbox 221 540 412 599; x_wconf 86' lang='lat' dir='ltr'>borum,</span> <span class='ocrx_word' id='word_1_35' title='bbox 439 538 491 588; x_wconf 92' lang='lat' dir='ltr'>id</span> <span class='ocrx_word' id='word_1_36' title='bbox 515 539 653 602; x_wconf 94' lang='lat' dir='ltr'>quod</span> <span class='ocrx_word' id='word_1_37' title='bbox 677 537 780 588; x_wconf 91' lang='lat' dir='ltr'>eius</span> <span class='ocrx_word' id='word_1_38' title='bbox 805 536 984 600; x_wconf 90' lang='lat' dir='ltr'>scripta</span> <span class='ocrx_word' id='word_1_39' title='bbox 1007 536 1273 595; x_wconf 89' lang='lat' dir='ltr'>declarant,</span> <span class='ocrx_word' id='word_1_40' title='bbox 1300 535 1448 585; x_wconf 87' lang='lat' dir='ltr'>binae</span> <span class='ocrx_word' id='word_1_41' title='bbox 1472 534 1517 586; x_wconf 88' lang='lat' dir='ltr'>ei</span> <span class='ocrx_word' id='word_1_42' title='bbox 1543 535 1886 585; x_wconf 83' lang='lat' dir='ltr'>contentiones</span> 
     </span>
     <span class='ocr_line' id='line_1_7' title="bbox 171 616 1887 680; baseline -0.002 -10"><span class='ocrx_word' id='word_1_43' title='bbox 171 634 197 677; x_wconf 79' lang='grc'><strong>5</strong></span> <span class='ocrx_word' id='word_1_44' title='bbox 218 620 354 670; x_wconf 87' lang='lat' dir='ltr'>vocis</span> <span class='ocrx_word' id='word_1_45' title='bbox 378 628 428 670; x_wconf 92' lang='lat' dir='ltr'>et</span> <span class='ocrx_word' id='word_1_46' title='bbox 450 618 762 670; x_wconf 86' lang='lat' dir='ltr'>remissiones</span> <span class='ocrx_word' id='word_1_47' title='bbox 786 617 1153 668; x_wconf 90' lang='lat' dir='ltr'>continerentur</span> <span class='ocrx_word' id='word_1_48' title='bbox 1169 634 1184 677; x_wconf 91' lang='lat'><em>3</em></span> <span class='ocrx_word' id='word_1_49' title='bbox 1219 616 1304 680; x_wconf 91' lang='lat' dir='ltr'>qui</span> <span class='ocrx_word' id='word_1_50' title='bbox 1340 616 1502 676; x_wconf 88' lang='lat' dir='ltr'>etiarn,</span> <span class='ocrx_word' id='word_1_51' title='bbox 1530 625 1583 666; x_wconf 92' lang='lat' dir='ltr'>ut</span> <span class='ocrx_word' id='word_1_52' title='bbox 1620 616 1887 666; x_wconf 84' lang='lat' dir='ltr'>memoriae</span> 
     </span>
     <span class='ocr_line' id='line_1_8' title="bbox 218 697 1887 766; baseline -0.002 -15"><span class='ocrx_word' id='word_1_53' title='bbox 218 700 471 766; x_wconf 87' lang='lat' dir='ltr'>proditum</span> <span class='ocrx_word' id='word_1_54' title='bbox 507 709 596 761; x_wconf 88' lang='lat' dir='ltr'>est,</span> <span class='ocrx_word' id='word_1_55' title='bbox 623 699 858 753; x_wconf 86' lang='lat' dir='ltr'>coniectis</span> <span class='ocrx_word' id='word_1_56' title='bbox 895 698 947 747; x_wconf 91' lang='lat' dir='ltr'>in</span> <span class='ocrx_word' id='word_1_57' title='bbox 984 714 1040 748; x_wconf 93' lang='lat' dir='ltr'>os</span> <span class='ocrx_word' id='word_1_58' title='bbox 1078 697 1294 758; x_wconf 85' lang='lat' dir='ltr'>calculiS,</span> <span class='ocrx_word' id='word_1_59' title='bbox 1333 714 1526 747; x_wconf 87' lang='lat' dir='ltr'>summa</span> <span class='ocrx_word' id='word_1_60' title='bbox 1562 714 1685 747; x_wconf 89' lang='lat' dir='ltr'>voce</span> <span class='ocrx_word' id='word_1_61' title='bbox 1720 715 1887 747; x_wconf 89' lang='lat' dir='ltr'>versus</span> 
     </span>
     <span class='ocr_line' id='line_1_9' title="bbox 219 778 1886 845; baseline -0.002 -14"><span class='ocrx_word' id='word_1_62' title='bbox 219 783 402 832; x_wconf 91' lang='lat' dir='ltr'>multos</span> <span class='ocrx_word' id='word_1_63' title='bbox 426 798 528 832; x_wconf 92' lang='lat' dir='ltr'>uno</span> <span class='ocrx_word' id='word_1_64' title='bbox 551 780 722 845; x_wconf 88' lang='lat' dir='ltr'>spiritu</span> <span class='ocrx_word' id='word_1_65' title='bbox 745 778 1064 844; x_wconf 87' lang='lat' dir='ltr'>pronuntiare</span> <span class='ocrx_word' id='word_1_66' title='bbox 1095 779 1454 830; x_wconf 84' lang='lat' dir='ltr'>consuescebat</span> <span class='ocrx_word' id='word_1_67' title='bbox 1471 797 1485 840; x_wconf 95' lang='lat'><em>3</em></span> <span class='ocrx_word' id='word_1_68' title='bbox 1521 796 1684 844; x_wconf 88' lang='lat' dir='ltr'>neque</span> <span class='ocrx_word' id='word_1_69' title='bbox 1708 779 1749 828; x_wconf 90' lang='lat' dir='ltr'>is</span> <span class='ocrx_word' id='word_1_70' title='bbox 1775 796 1886 828; x_wconf 90' lang='lat' dir='ltr'>con-</span> 
     </span>
     <span class='ocr_line' id='line_1_10' title="bbox 218 860 1887 924; baseline -0.001 -12"><span class='ocrx_word' id='word_1_71' title='bbox 218 862 394 912; x_wconf 89' lang='lat' dir='ltr'>sistens</span> <span class='ocrx_word' id='word_1_72' title='bbox 429 862 480 911; x_wconf 92' lang='lat' dir='ltr'>in</span> <span class='ocrx_word' id='word_1_73' title='bbox 519 863 646 922; x_wconf 92' lang='lat' dir='ltr'>loco,</span> <span class='ocrx_word' id='word_1_74' title='bbox 684 862 773 911; x_wconf 89' lang='lat' dir='ltr'>sed</span> <span class='ocrx_word' id='word_1_75' title='bbox 813 860 1126 910; x_wconf 86' lang='lat' dir='ltr'>inambulans</span> <span class='ocrx_word' id='word_1_76' title='bbox 1167 868 1317 924; x_wconf 90' lang='lat' dir='ltr'>atque</span> <span class='ocrx_word' id='word_1_77' title='bbox 1358 877 1566 909; x_wconf 88' lang='lat' dir='ltr'>ascensu</span> <span class='ocrx_word' id='word_1_78' title='bbox 1608 860 1887 923; x_wconf 87' lang='lat' dir='ltr'>ingrediens</span> 
     </span>
     <span class='ocr_line' id='line_1_11' title="bbox 217 940 1988 1006; baseline -0.005 -12"><span class='ocrx_word' id='word_1_79' title='bbox 217 944 387 994; x_wconf 87' lang='lat' dir='ltr'>arduo.</span> <span class='ocrx_word' id='word_1_80' title='bbox 462 941 619 992; x_wconf 88' lang='lat' dir='ltr'>Hisce</span> <span class='ocrx_word' id='word_1_81' title='bbox 654 958 746 1006; x_wconf 87' lang='lat' dir='ltr'>ego</span> <span class='ocrx_word' id='word_1_82' title='bbox 782 940 1222 1002; x_wconf 83' lang='lat' dir='ltr'>cohortationibuS,</span> <span class='ocrx_word' id='word_1_83' title='bbox 1265 941 1455 1001; x_wconf 90' lang='lat' dir='ltr'>Crasse,</span> <span class='ocrx_word' id='word_1_84' title='bbox 1482 942 1548 990; x_wconf 89' lang='lat' dir='ltr'>ad</span> <span class='ocrx_word' id='word_1_85' title='bbox 1583 943 1802 991; x_wconf 87' lang='lat' dir='ltr'>studium</span> <span class='ocrx_word' id='word_1_86' title='bbox 1839 951 1888 991; x_wconf 89' lang='lat' dir='ltr'>et</span> <span class='ocrx_word' id='word_1_87' title='bbox 1914 947 1988 987; x_wconf 88' lang='lat'>262</span> 
     </span>
     <span class='ocr_line' id='line_1_12' title="bbox 148 1022 1886 1085; baseline 0.002 -15"><span class='ocrx_word' id='word_1_88' title='bbox 148 1039 199 1071; x_wconf 86' lang='lat' dir='ltr'>ro</span> <span class='ocrx_word' id='word_1_89' title='bbox 218 1025 286 1075; x_wconf 88' lang='lat' dir='ltr'>ad</span> <span class='ocrx_word' id='word_1_90' title='bbox 307 1023 528 1074; x_wconf 88' lang='lat' dir='ltr'>laborem</span> <span class='ocrx_word' id='word_1_91' title='bbox 552 1022 830 1073; x_wconf 90' lang='lat' dir='ltr'>incitandos</span> <span class='ocrx_word' id='word_1_92' title='bbox 855 1022 1045 1072; x_wconf 90' lang='lat' dir='ltr'>iuvenis</span> <span class='ocrx_word' id='word_1_93' title='bbox 1063 1023 1382 1073; x_wconf 90' lang='lat' dir='ltr'>vehementer</span> <span class='ocrx_word' id='word_1_94' title='bbox 1406 1022 1657 1072; x_wconf 90' lang='lat' dir='ltr'>adsentior</span> <span class='ocrx_word' id='word_1_95' title='bbox 1672 1042 1686 1085; x_wconf 89' lang='lat'><em>3</em></span> <span class='ocrx_word' id='word_1_96' title='bbox 1711 1032 1886 1084; x_wconf 88' lang='lat' dir='ltr'>cetera,</span> 
     </span>
     <span class='ocr_line' id='line_1_13' title="bbox 106 1093 1889 1170; baseline -0.001 -14"><span class='ocrx_word' id='word_1_97' title='bbox 106 1093 110 1096; x_wconf 32' lang='lat'>⁵</span> <span class='ocrx_word' id='word_1_98' title='bbox 219 1121 349 1170; x_wconf 91' lang='lat' dir='ltr'>quae</span> <span class='ocrx_word' id='word_1_99' title='bbox 372 1104 628 1169; x_wconf 88' lang='lat' dir='ltr'>conlegisti</span> <span class='ocrx_word' id='word_1_100' title='bbox 651 1121 711 1154; x_wconf 88' lang='lat' dir='ltr'>ex</span> <span class='ocrx_word' id='word_1_101' title='bbox 733 1103 877 1154; x_wconf 90' lang='lat' dir='ltr'>variis</span> <span class='ocrx_word' id='word_1_102' title='bbox 902 1112 951 1154; x_wconf 87' lang='lat' dir='ltr'>et</span> <span class='ocrx_word' id='word_1_103' title='bbox 975 1103 1179 1154; x_wconf 92' lang='lat' dir='ltr'>diversis</span> <span class='ocrx_word' id='word_1_104' title='bbox 1206 1103 1380 1154; x_wconf 91' lang='lat' dir='ltr'>studiis</span> <span class='ocrx_word' id='word_1_105' title='bbox 1406 1112 1454 1153; x_wconf 90' lang='lat' dir='ltr'>et</span> <span class='ocrx_word' id='word_1_106' title='bbox 1472 1104 1671 1165; x_wconf 82' lang='lat' dir='ltr'>artibuS,</span> <span class='ocrx_word' id='word_1_107' title='bbox 1693 1104 1889 1154; x_wconf 89' lang='lat' dir='ltr'>tametsi</span> 
     </span>
     <span class='ocr_line' id='line_1_14' title="bbox 219 1185 1888 1251; baseline 0 -15"><span class='ocrx_word' id='word_1_108' title='bbox 219 1185 326 1251; x_wconf 91' lang='lat' dir='ltr'>ipse</span> <span class='ocrx_word' id='word_1_109' title='bbox 349 1202 402 1236; x_wconf 92' lang='lat' dir='ltr'>es</span> <span class='ocrx_word' id='word_1_110' title='bbox 425 1185 593 1236; x_wconf 90' lang='lat' dir='ltr'>omnia</span> <span class='ocrx_word' id='word_1_111' title='bbox 617 1194 926 1247; x_wconf 84' lang='lat' dir='ltr'>consecutuS‚</span> <span class='ocrx_word' id='word_1_112' title='bbox 953 1194 1122 1235; x_wconf 90' lang='lat' dir='ltr'>tamen</span> <span class='ocrx_word' id='word_1_113' title='bbox 1157 1186 1223 1235; x_wconf 91' lang='lat' dir='ltr'>ab</span> <span class='ocrx_word' id='word_1_114' title='bbox 1257 1185 1461 1236; x_wconf 90' lang='lat' dir='ltr'>oratoris</span> <span class='ocrx_word' id='word_1_115' title='bbox 1493 1186 1692 1250; x_wconf 93' lang='lat' dir='ltr'>proprio</span> <span class='ocrx_word' id='word_1_116' title='bbox 1724 1187 1888 1236; x_wconf 88' lang='lat' dir='ltr'>officio</span> 
     </span>
     <span class='ocr_line' id='line_1_15' title="bbox 218 1266 1231 1332; baseline 0 -16"><span class='ocrx_word' id='word_1_117' title='bbox 218 1275 370 1332; x_wconf 87' lang='lat' dir='ltr'>atque</span> <span class='ocrx_word' id='word_1_118' title='bbox 392 1283 595 1317; x_wconf 90' lang='lat' dir='ltr'>munere</span> <span class='ocrx_word' id='word_1_119' title='bbox 619 1267 840 1317; x_wconf 90' lang='lat' dir='ltr'>seiuncta</span> <span class='ocrx_word' id='word_1_120' title='bbox 864 1280 971 1317; x_wconf 87' lang='lat' dir='ltr'>esse</span> <span class='ocrx_word' id='word_1_121' title='bbox 994 1266 1231 1317; x_wconf 90' lang='lat' dir='ltr'>arbitror.&#39;</span> 
     </span>
     <span class='ocr_line' id='line_1_16' title="bbox 288 1347 1979 1409; baseline -0.001 -11"><span class='ocrx_word' id='word_1_122' title='bbox 288 1349 434 1398; x_wconf 88' lang='lat' dir='ltr'>Haec</span> <span class='ocrx_word' id='word_1_123' title='bbox 474 1364 589 1398; x_wconf 90' lang='lat' dir='ltr'>curn</span> <span class='ocrx_word' id='word_1_124' title='bbox 635 1347 884 1398; x_wconf 91' lang='lat' dir='ltr'>Antonius</span> <span class='ocrx_word' id='word_1_125' title='bbox 931 1347 1147 1409; x_wconf 88' lang='lat' dir='ltr'>dixisset,</span> <span class='ocrx_word' id='word_1_126' title='bbox 1198 1364 1317 1398; x_wconf 90' lang='lat' dir='ltr'>sane</span> <span class='ocrx_word' id='word_1_127' title='bbox 1363 1348 1590 1399; x_wconf 90' lang='lat' dir='ltr'>dubitare</span> <span class='ocrx_word' id='word_1_128' title='bbox 1635 1348 1767 1399; x_wconf 91' lang='lat' dir='ltr'>visus</span> <span class='ocrx_word' id='word_1_129' title='bbox 1815 1359 1888 1400; x_wconf 90' lang='lat' dir='ltr'>est</span> <span class='ocrx_word' id='word_1_130' title='bbox 1910 1348 1979 1396; x_wconf 86' lang='lat'>62</span> 
     </span>
     <span class='ocr_line' id='line_1_17' title="bbox 147 1427 1889 1492; baseline 0.002 -15"><span class='ocrx_word' id='word_1_131' title='bbox 147 1446 196 1490; x_wconf 80' lang='lat'>15</span> <span class='ocrx_word' id='word_1_132' title='bbox 220 1427 466 1492; x_wconf 91' lang='lat' dir='ltr'>Sulpicius</span> <span class='ocrx_word' id='word_1_133' title='bbox 490 1437 539 1478; x_wconf 91' lang='lat' dir='ltr'>et</span> <span class='ocrx_word' id='word_1_134' title='bbox 564 1429 726 1490; x_wconf 89' lang='lat' dir='ltr'>Cotta,</span> <span class='ocrx_word' id='word_1_135' title='bbox 753 1429 907 1478; x_wconf 92' lang='lat' dir='ltr'>utrius</span> <span class='ocrx_word' id='word_1_136' title='bbox 946 1428 1102 1478; x_wconf 90' lang='lat' dir='ltr'>oratio</span> <span class='ocrx_word' id='word_1_137' title='bbox 1139 1428 1341 1492; x_wconf 90' lang='lat' dir='ltr'>propius</span> <span class='ocrx_word' id='word_1_138' title='bbox 1379 1430 1444 1479; x_wconf 92' lang='lat' dir='ltr'>ad</span> <span class='ocrx_word' id='word_1_139' title='bbox 1475 1429 1729 1479; x_wconf 91' lang='lat' dir='ltr'>veritatem</span> <span class='ocrx_word' id='word_1_140' title='bbox 1757 1430 1889 1481; x_wconf 91' lang='lat' dir='ltr'>vide-</span> 
     </span>
     <span class='ocr_line' id='line_1_18' title="bbox 219 1510 1990 1575; baseline 0.001 -17"><span class='ocrx_word' id='word_1_141' title='bbox 219 1518 351 1560; x_wconf 91' lang='lat' dir='ltr'>retur</span> <span class='ocrx_word' id='word_1_142' title='bbox 383 1511 632 1560; x_wconf 87' lang='lat' dir='ltr'>accedere.</span> <span class='ocrx_word' id='word_1_143' title='bbox 705 1512 838 1559; x_wconf 92' lang='lat' dir='ltr'>Tum</span> <span class='ocrx_word' id='word_1_144' title='bbox 876 1512 1082 1561; x_wconf 91' lang='lat' dir='ltr'>Crassus</span> <span class='ocrx_word' id='word_1_145' title='bbox 1110 1514 1122 1538; x_wconf 85' lang='lat'>‘</span> <span class='ocrx_word' id='word_1_146' title='bbox 1138 1510 1415 1574; x_wconf 88' lang='lat' dir='ltr'>operarium</span> <span class='ocrx_word' id='word_1_147' title='bbox 1447 1510 1592 1560; x_wconf 92' lang='lat' dir='ltr'>nobis</span> <span class='ocrx_word' id='word_1_148' title='bbox 1617 1513 1884 1575; x_wconf 89' lang='lat' dir='ltr'>quendam,</span> <span class='ocrx_word' id='word_1_149' title='bbox 1912 1518 1990 1573; x_wconf 84' lang='lat'>263</span> 
     </span>
     <span class='ocr_line' id='line_1_19' title="bbox 222 1590 1888 1655; baseline 0.002 -16"><span class='ocrx_word' id='word_1_150' title='bbox 222 1590 424 1651; x_wconf 91' lang='lat' dir='ltr'>Antoni,</span> <span class='ocrx_word' id='word_1_151' title='bbox 450 1600 694 1641; x_wconf 90' lang='lat' dir='ltr'>oratorem</span> <span class='ocrx_word' id='word_1_152' title='bbox 718 1591 838 1640; x_wconf 90' lang='lat' dir='ltr'>facis</span> <span class='ocrx_word' id='word_1_153' title='bbox 862 1600 1011 1655; x_wconf 89' lang='lat' dir='ltr'>atque</span> <span class='ocrx_word' id='word_1_154' title='bbox 1036 1593 1172 1641; x_wconf 91' lang='lat' dir='ltr'>haud</span> <span class='ocrx_word' id='word_1_155' title='bbox 1208 1591 1312 1641; x_wconf 91' lang='lat' dir='ltr'>scio</span> <span class='ocrx_word' id='word_1_156' title='bbox 1343 1607 1407 1640; x_wconf 90' lang='lat' dir='ltr'>an</span> <span class='ocrx_word' id='word_1_157' title='bbox 1444 1591 1584 1641; x_wconf 90' lang='lat' dir='ltr'>aliter</span> <span class='ocrx_word' id='word_1_158' title='bbox 1621 1593 1802 1642; x_wconf 88' lang='lat' dir='ltr'>sentias</span> <span class='ocrx_word' id='word_1_159' title='bbox 1838 1602 1888 1643; x_wconf 93' lang='lat' dir='ltr'>et</span> 
     </span>
     <span class='ocr_line' id='line_1_20' title="bbox 220 1671 1889 1738; baseline 0.001 -17"><span class='ocrx_word' id='word_1_160' title='bbox 220 1680 358 1721; x_wconf 86' lang='lat' dir='ltr'>utare</span> <span class='ocrx_word' id='word_1_161' title='bbox 381 1680 467 1721; x_wconf 88' lang='lat' dir='ltr'>tua</span> <span class='ocrx_word' id='word_1_162' title='bbox 489 1671 571 1720; x_wconf 88' lang='lat' dir='ltr'>illa</span> <span class='ocrx_word' id='word_1_163' title='bbox 595 1671 799 1721; x_wconf 90' lang='lat' dir='ltr'>mirifica</span> <span class='ocrx_word' id='word_1_164' title='bbox 822 1673 888 1721; x_wconf 89' lang='lat' dir='ltr'>ad</span> <span class='ocrx_word' id='word_1_165' title='bbox 916 1673 1241 1722; x_wconf 88' lang='lat' dir='ltr'>refellendum</span> <span class='ocrx_word' id='word_1_166' title='bbox 1275 1672 1649 1733; x_wconf 90' lang='lat' dir='ltr'>consuetudine,</span> <span class='ocrx_word' id='word_1_167' title='bbox 1676 1690 1774 1738; x_wconf 93' lang='lat' dir='ltr'>qua</span> <span class='ocrx_word' id='word_1_168' title='bbox 1798 1674 1889 1724; x_wconf 90' lang='lat' dir='ltr'>tibi</span> 
     </span>
     <span class='ocr_line' id='line_1_21' title="bbox 220 1753 1954 1817; baseline -0.001 -16"><span class='ocrx_word' id='word_1_169' title='bbox 220 1769 370 1802; x_wconf 91' lang='lat' dir='ltr'>nemo</span> <span class='ocrx_word' id='word_1_170' title='bbox 410 1769 649 1817; x_wconf 90' lang='lat' dir='ltr'>umquam</span> <span class='ocrx_word' id='word_1_171' title='bbox 689 1753 962 1816; x_wconf 90' lang='lat' dir='ltr'>praestitit3</span> <span class='ocrx_word' id='word_1_172' title='bbox 1014 1753 1153 1803; x_wconf 89' lang='lat' dir='ltr'>cuius</span> <span class='ocrx_word' id='word_1_173' title='bbox 1195 1753 1399 1817; x_wconf 89' lang='lat' dir='ltr'>quidem</span> <span class='ocrx_word' id='word_1_174' title='bbox 1446 1753 1599 1817; x_wconf 90' lang='lat' dir='ltr'>ipsius</span> <span class='ocrx_word' id='word_1_175' title='bbox 1645 1755 1889 1804; x_wconf 89' lang='lat' dir='ltr'>facultatis</span> <span class='ocrx_word' id='word_1_176' title='bbox 1948 1793 1954 1800; x_wconf 92' lang='lat'><strong>.</strong></span> 
     </span>
     <span class='ocr_line' id='line_1_22' title="bbox 147 1833 1889 1899; baseline 0.003 -20"><span class='ocrx_word' id='word_1_177' title='bbox 147 1849 199 1879; x_wconf 88' lang='grc' dir='ltr'>2ο</span> <span class='ocrx_word' id='word_1_178' title='bbox 220 1833 502 1884; x_wconf 85' lang='lat' dir='ltr'>exercitatio</span> <span class='ocrx_word' id='word_1_179' title='bbox 526 1843 776 1884; x_wconf 88' lang='lat' dir='ltr'>oratorum</span> <span class='ocrx_word' id='word_1_180' title='bbox 801 1834 998 1898; x_wconf 91' lang='lat' dir='ltr'>propria</span> <span class='ocrx_word' id='word_1_181' title='bbox 1023 1843 1111 1894; x_wconf 91' lang='lat' dir='ltr'>est,</span> <span class='ocrx_word' id='word_1_182' title='bbox 1138 1836 1227 1884; x_wconf 90' lang='lat' dir='ltr'>sed</span> <span class='ocrx_word' id='word_1_183' title='bbox 1260 1834 1358 1883; x_wconf 91' lang='lat' dir='ltr'>iam</span> <span class='ocrx_word' id='word_1_184' title='bbox 1395 1834 1446 1883; x_wconf 92' lang='lat' dir='ltr'>in</span> <span class='ocrx_word' id='word_1_185' title='bbox 1477 1835 1889 1899; x_wconf 90' lang='lat' dir='ltr'>philosophorum</span> 
     </span>
     <span class='ocr_line' id='line_1_23' title="bbox 220 1915 1890 1979; baseline 0.001 -15"><span class='ocrx_word' id='word_1_186' title='bbox 220 1915 580 1965; x_wconf 87' lang='lat' dir='ltr'>consuetudine</span> <span class='ocrx_word' id='word_1_187' title='bbox 614 1924 832 1965; x_wconf 88' lang='lat' dir='ltr'>versatur</span> <span class='ocrx_word' id='word_1_188' title='bbox 872 1915 1185 1979; x_wconf 87' lang='lat' dir='ltr'>maximeque</span> <span class='ocrx_word' id='word_1_189' title='bbox 1223 1932 1409 1975; x_wconf 88' lang='lat' dir='ltr'>eorum,</span> <span class='ocrx_word' id='word_1_190' title='bbox 1437 1915 1522 1979; x_wconf 91' lang='lat' dir='ltr'>qui</span> <span class='ocrx_word' id='word_1_191' title='bbox 1554 1918 1618 1966; x_wconf 90' lang='lat' dir='ltr'>de</span> <span class='ocrx_word' id='word_1_192' title='bbox 1659 1917 1797 1966; x_wconf 89' lang='lat' dir='ltr'>omni</span> <span class='ocrx_word' id='word_1_193' title='bbox 1838 1935 1890 1966; x_wconf 91' lang='lat' dir='ltr'>re</span> 
     </span>
     <span class='ocr_line' id='line_1_24' title="bbox 218 1995 1884 2061; baseline 0.002 -16"><span class='ocrx_word' id='word_1_194' title='bbox 218 1995 471 2060; x_wconf 90' lang='lat' dir='ltr'>proposita</span> <span class='ocrx_word' id='word_1_195' title='bbox 510 1996 562 2045; x_wconf 91' lang='lat' dir='ltr'>in</span> <span class='ocrx_word' id='word_1_196' title='bbox 602 2005 863 2061; x_wconf 88' lang='lat' dir='ltr'>utramque</span> <span class='ocrx_word' id='word_1_197' title='bbox 903 2005 1092 2061; x_wconf 90' lang='lat' dir='ltr'>partem</span> <span class='ocrx_word' id='word_1_198' title='bbox 1131 1998 1291 2046; x_wconf 88' lang='lat' dir='ltr'>solent</span> <span class='ocrx_word' id='word_1_199' title='bbox 1334 1996 1672 2060; x_wconf 89' lang='lat' dir='ltr'>copiosissime</span> <span class='ocrx_word' id='word_1_200' title='bbox 1708 1998 1884 2048; x_wconf 89' lang='lat' dir='ltr'>dicere.</span> 
     </span>
     <span class='ocr_line' id='line_1_25' title="bbox 218 2078 1994 2142; baseline -0.001 -15"><span class='ocrx_word' id='word_1_201' title='bbox 218 2078 406 2128; x_wconf 91' lang='lat' dir='ltr'>Verum</span> <span class='ocrx_word' id='word_1_202' title='bbox 430 2094 522 2142; x_wconf 89' lang='lat' dir='ltr'>ego</span> <span class='ocrx_word' id='word_1_203' title='bbox 546 2095 649 2128; x_wconf 91' lang='lat' dir='ltr'>non</span> <span class='ocrx_word' id='word_1_204' title='bbox 673 2080 835 2128; x_wconf 91' lang='lat' dir='ltr'>solum</span> <span class='ocrx_word' id='word_1_205' title='bbox 859 2078 1141 2139; x_wconf 91' lang='lat' dir='ltr'>arbitrabar,</span> <span class='ocrx_word' id='word_1_206' title='bbox 1160 2078 1236 2128; x_wconf 90' lang='lat' dir='ltr'>his</span> <span class='ocrx_word' id='word_1_207' title='bbox 1254 2078 1540 2142; x_wconf 89' lang='lat' dir='ltr'>praesertim</span> <span class='ocrx_word' id='word_1_208' title='bbox 1555 2079 1886 2141; x_wconf 82' lang='lat' dir='ltr'>audientibuS,</span> <span class='ocrx_word' id='word_1_209' title='bbox 1914 2083 1994 2136; x_wconf 86' lang='lat'>264</span> 
     </span>
     <span class='ocr_line' id='line_1_26' title="bbox 218 2159 1890 2224; baseline 0 -14"><span class='ocrx_word' id='word_1_210' title='bbox 218 2176 249 2210; x_wconf 86' lang='lat' dir='ltr'>a</span> <span class='ocrx_word' id='word_1_211' title='bbox 272 2176 354 2210; x_wconf 90' lang='lat' dir='ltr'>me</span> <span class='ocrx_word' id='word_1_212' title='bbox 376 2159 627 2210; x_wconf 90' lang='lat' dir='ltr'>informari</span> <span class='ocrx_word' id='word_1_213' title='bbox 651 2170 890 2224; x_wconf 89' lang='lat' dir='ltr'>oportere,</span> <span class='ocrx_word' id='word_1_214' title='bbox 918 2160 1076 2224; x_wconf 91' lang='lat' dir='ltr'>qualis</span> <span class='ocrx_word' id='word_1_215' title='bbox 1110 2176 1218 2210; x_wconf 89' lang='lat' dir='ltr'>esse</span> <span class='ocrx_word' id='word_1_216' title='bbox 1249 2168 1417 2223; x_wconf 90' lang='lat' dir='ltr'>posset</span> <span class='ocrx_word' id='word_1_217' title='bbox 1449 2160 1503 2220; x_wconf 88' lang='lat' dir='ltr'>is,</span> <span class='ocrx_word' id='word_1_218' title='bbox 1531 2160 1615 2223; x_wconf 90' lang='lat' dir='ltr'>qui</span> <span class='ocrx_word' id='word_1_219' title='bbox 1647 2161 1890 2210; x_wconf 88' lang='lat' dir='ltr'>habitaret</span> 
     </span>
     <span class='ocr_line' id='line_1_27' title="bbox 147 2228 1890 2306; baseline 0.001 -16"><span class='ocrx_word' id='word_1_220' title='bbox 147 2261 196 2305; x_wconf 82' lang='lat'>²5</span> <span class='ocrx_word' id='word_1_221' title='bbox 221 2240 272 2290; x_wconf 88' lang='lat' dir='ltr'>in</span> <span class='ocrx_word' id='word_1_222' title='bbox 297 2240 540 2292; x_wconf 88' lang='lat' dir='ltr'>subselliis</span> <span class='ocrx_word' id='word_1_223' title='bbox 569 2258 733 2306; x_wconf 89' lang='lat' dir='ltr'>neque</span> <span class='ocrx_word' id='word_1_224' title='bbox 770 2242 1039 2306; x_wconf 90' lang='lat' dir='ltr'>quicquam</span> <span class='ocrx_word' id='word_1_225' title='bbox 1071 2241 1284 2305; x_wconf 91' lang='lat' dir='ltr'>amplius</span> <span class='ocrx_word' id='word_1_226' title='bbox 1316 2228 1541 2301; x_wconf 89' lang='lat' dir='ltr'>adferret,</span> <span class='ocrx_word' id='word_1_227' title='bbox 1569 2258 1719 2305; x_wconf 91' lang='lat' dir='ltr'>quam</span> <span class='ocrx_word' id='word_1_228' title='bbox 1752 2243 1890 2305; x_wconf 91' lang='lat' dir='ltr'>quod</span> 
     </span>
     <span class='ocr_line' id='line_1_28' title="bbox 220 2322 1892 2388; baseline 0.001 -16"><span class='ocrx_word' id='word_1_229' title='bbox 220 2339 479 2373; x_wconf 89' lang='lat' dir='ltr'>causarum</span> <span class='ocrx_word' id='word_1_230' title='bbox 516 2323 783 2373; x_wconf 89' lang='lat' dir='ltr'>necessitas</span> <span class='ocrx_word' id='word_1_231' title='bbox 824 2326 1108 2388; x_wconf 88' lang='lat' dir='ltr'>postularet,</span> <span class='ocrx_word' id='word_1_232' title='bbox 1147 2325 1237 2373; x_wconf 90' lang='lat' dir='ltr'>sed</span> <span class='ocrx_word' id='word_1_233' title='bbox 1278 2322 1436 2371; x_wconf 90' lang='lat' dir='ltr'>maius</span> <span class='ocrx_word' id='word_1_234' title='bbox 1479 2322 1719 2386; x_wconf 91' lang='lat' dir='ltr'>quiddam</span> <span class='ocrx_word' id='word_1_235' title='bbox 1759 2322 1892 2373; x_wconf 90' lang='lat' dir='ltr'>vide-</span> 
     </span>
     <span class='ocr_line' id='line_1_29' title="bbox 222 2403 1890 2468; baseline 0 -15"><span class='ocrx_word' id='word_1_236' title='bbox 222 2403 354 2463; x_wconf 87' lang='lat' dir='ltr'>bam,</span> <span class='ocrx_word' id='word_1_237' title='bbox 403 2419 518 2454; x_wconf 90' lang='lat' dir='ltr'>cum</span> <span class='ocrx_word' id='word_1_238' title='bbox 565 2405 831 2454; x_wconf 88' lang='lat' dir='ltr'>censebam</span> <span class='ocrx_word' id='word_1_239' title='bbox 878 2414 1137 2465; x_wconf 90' lang='lat' dir='ltr'>oratorem,</span> <span class='ocrx_word' id='word_1_240' title='bbox 1187 2403 1473 2468; x_wconf 87' lang='lat' dir='ltr'>praesertim</span> <span class='ocrx_word' id='word_1_241' title='bbox 1520 2403 1571 2451; x_wconf 94' lang='lat' dir='ltr'>in</span> <span class='ocrx_word' id='word_1_242' title='bbox 1618 2412 1784 2453; x_wconf 88' lang='lat' dir='ltr'>nostra</span> <span class='ocrx_word' id='word_1_243' title='bbox 1838 2421 1890 2453; x_wconf 91' lang='lat' dir='ltr'>re</span> 
     </span>
     <span class='ocr_line' id='line_1_30' title="bbox 220 2484 1890 2550; baseline 0 -16"><span class='ocrx_word' id='word_1_244' title='bbox 220 2484 434 2548; x_wconf 91' lang='lat' dir='ltr'>publica,</span> <span class='ocrx_word' id='word_1_245' title='bbox 482 2485 664 2535; x_wconf 88' lang='lat' dir='ltr'>nullius</span> <span class='ocrx_word' id='word_1_246' title='bbox 710 2486 988 2536; x_wconf 90' lang='lat' dir='ltr'>ornamenti</span> <span class='ocrx_word' id='word_1_247' title='bbox 1035 2495 1284 2550; x_wconf 87' lang='lat' dir='ltr'>expertem</span> <span class='ocrx_word' id='word_1_248' title='bbox 1332 2502 1439 2534; x_wconf 89' lang='lat' dir='ltr'>esse</span> <span class='ocrx_word' id='word_1_249' title='bbox 1498 2493 1735 2547; x_wconf 89' lang='lat' dir='ltr'>oportere.</span> <span class='ocrx_word' id='word_1_250' title='bbox 1809 2486 1890 2534; x_wconf 93' lang='lat' dir='ltr'>Tu</span> 
     </span>
     <span class='ocr_line' id='line_1_31' title="bbox 219 2565 1889 2631; baseline 0 -16"><span class='ocrx_word' id='word_1_251' title='bbox 219 2575 402 2627; x_wconf 90' lang='lat' dir='ltr'>autem,</span> <span class='ocrx_word' id='word_1_252' title='bbox 445 2566 682 2630; x_wconf 89' lang='lat' dir='ltr'>quoniam</span> <span class='ocrx_word' id='word_1_253' title='bbox 714 2567 898 2631; x_wconf 85' lang='lat' dir='ltr'>exiguis</span> <span class='ocrx_word' id='word_1_254' title='bbox 934 2567 1235 2631; x_wconf 87' lang='lat' dir='ltr'>quibusdam</span> <span class='ocrx_word' id='word_1_255' title='bbox 1270 2566 1452 2615; x_wconf 91' lang='lat' dir='ltr'>finibus</span> <span class='ocrx_word' id='word_1_256' title='bbox 1488 2574 1649 2614; x_wconf 91' lang='lat' dir='ltr'>totum</span> <span class='ocrx_word' id='word_1_257' title='bbox 1685 2565 1889 2615; x_wconf 90' lang='lat' dir='ltr'>oratoris</span> 
     </span>
     <span class='ocr_line' id='line_1_32' title="bbox 144 2646 1890 2711; baseline 0.001 -16"><span class='ocrx_word' id='word_1_258' title='bbox 144 2666 203 2708; x_wconf 82' lang='lat'>30</span> <span class='ocrx_word' id='word_1_259' title='bbox 221 2663 402 2696; x_wconf 87' lang='lat' dir='ltr'>munus</span> <span class='ocrx_word' id='word_1_260' title='bbox 439 2646 820 2708; x_wconf 90' lang='lat' dir='ltr'>circumdedisti,</span> <span class='ocrx_word' id='word_1_261' title='bbox 855 2649 953 2698; x_wconf 93' lang='lat' dir='ltr'>hoc</span> <span class='ocrx_word' id='word_1_262' title='bbox 990 2648 1179 2698; x_wconf 87' lang='lat' dir='ltr'>facilius</span> <span class='ocrx_word' id='word_1_263' title='bbox 1217 2647 1362 2698; x_wconf 92' lang='lat' dir='ltr'>nobis</span> <span class='ocrx_word' id='word_1_264' title='bbox 1401 2663 1617 2711; x_wconf 88' lang='lat' dir='ltr'>expones</span> <span class='ocrx_word' id='word_1_265' title='bbox 1656 2663 1727 2706; x_wconf 89' lang='lat' dir='ltr'>ea,</span> <span class='ocrx_word' id='word_1_266' title='bbox 1762 2664 1890 2710; x_wconf 89' lang='lat' dir='ltr'>quae</span> 
     </span>
     <span class='ocr_line' id='line_1_33' title="bbox 219 2727 1890 2793; baseline 0.001 -17"><span class='ocrx_word' id='word_1_267' title='bbox 219 2727 310 2776; x_wconf 87' lang='lat' dir='ltr'>abs</span> <span class='ocrx_word' id='word_1_268' title='bbox 342 2736 393 2777; x_wconf 91' lang='lat' dir='ltr'>te</span> <span class='ocrx_word' id='word_1_269' title='bbox 426 2729 491 2777; x_wconf 89' lang='lat' dir='ltr'>de</span> <span class='ocrx_word' id='word_1_270' title='bbox 528 2728 699 2778; x_wconf 87' lang='lat' dir='ltr'>officiis</span> <span class='ocrx_word' id='word_1_271' title='bbox 731 2730 1106 2793; x_wconf 90' lang='lat' dir='ltr'>praeceptisque</span> <span class='ocrx_word' id='word_1_272' title='bbox 1137 2729 1342 2779; x_wconf 91' lang='lat' dir='ltr'>oratoris</span> <span class='ocrx_word' id='word_1_273' title='bbox 1375 2728 1596 2792; x_wconf 87' lang='lat' dir='ltr'>quaesita</span> <span class='ocrx_word' id='word_1_274' title='bbox 1621 2736 1735 2777; x_wconf 92' lang='lat' dir='ltr'>sunt</span> <span class='ocrx_word' id='word_1_275' title='bbox 1751 2746 1766 2789; x_wconf 95' lang='lat'><em>3</em></span> <span class='ocrx_word' id='word_1_276' title='bbox 1800 2731 1890 2778; x_wconf 91' lang='lat' dir='ltr'>sed</span> 
     </span>
     <span class='ocr_line' id='line_1_34' title="bbox 221 2807 1888 2871; baseline 0.001 -15"><span class='ocrx_word' id='word_1_277' title='bbox 221 2807 399 2871; x_wconf 90' lang='lat' dir='ltr'>opinor</span> <span class='ocrx_word' id='word_1_278' title='bbox 443 2811 719 2859; x_wconf 90' lang='lat' dir='ltr'>secundum</span> <span class='ocrx_word' id='word_1_279' title='bbox 766 2810 901 2859; x_wconf 93' lang='lat' dir='ltr'>hunc</span> <span class='ocrx_word' id='word_1_280' title='bbox 946 2811 1081 2860; x_wconf 91' lang='lat' dir='ltr'>diem</span> <span class='ocrx_word' id='word_1_281' title='bbox 1098 2828 1113 2871; x_wconf 92' lang='lat'><em>3</em></span> <span class='ocrx_word' id='word_1_282' title='bbox 1161 2810 1276 2859; x_wconf 89' lang='lat' dir='ltr'>satis</span> <span class='ocrx_word' id='word_1_283' title='bbox 1315 2810 1448 2859; x_wconf 89' lang='lat' dir='ltr'>enim</span> <span class='ocrx_word' id='word_1_284' title='bbox 1485 2811 1639 2859; x_wconf 92' lang='lat' dir='ltr'>multa</span> <span class='ocrx_word' id='word_1_285' title='bbox 1678 2826 1708 2858; x_wconf 90' lang='lat' dir='ltr'>a</span> <span class='ocrx_word' id='word_1_286' title='bbox 1743 2809 1888 2858; x_wconf 93' lang='lat' dir='ltr'>nobis</span> 
     </span>
     <span class='ocr_line' id='line_1_35' title="bbox 221 2889 1988 2956; baseline 0.004 -18"><span class='ocrx_word' id='word_1_287' title='bbox 221 2889 372 2939; x_wconf 88' lang='lat' dir='ltr'>hodie</span> <span class='ocrx_word' id='word_1_288' title='bbox 413 2889 545 2939; x_wconf 91' lang='lat' dir='ltr'>dicta</span> <span class='ocrx_word' id='word_1_289' title='bbox 582 2899 708 2939; x_wconf 90' lang='lat' dir='ltr'>sunt.</span> <span class='ocrx_word' id='word_1_290' title='bbox 783 2892 932 2940; x_wconf 93' lang='lat' dir='ltr'>Nunc</span> <span class='ocrx_word' id='word_1_291' title='bbox 968 2900 1017 2940; x_wconf 93' lang='lat' dir='ltr'>et</span> <span class='ocrx_word' id='word_1_292' title='bbox 1055 2894 1304 2951; x_wconf 92' lang='lat' dir='ltr'>Scaevola,</span> <span class='ocrx_word' id='word_1_293' title='bbox 1344 2891 1580 2955; x_wconf 88' lang='lat' dir='ltr'>quoniam</span> <span class='ocrx_word' id='word_1_294' title='bbox 1615 2891 1667 2939; x_wconf 93' lang='lat' dir='ltr'>in</span> <span class='ocrx_word' id='word_1_295' title='bbox 1702 2893 1889 2940; x_wconf 90' lang='lat' dir='ltr'>Tuscu·</span> <span class='ocrx_word' id='word_1_296' title='bbox 1913 2903 1988 2956; x_wconf 85' lang='lat'>265</span> 
     </span>
    </p>
   </div>
   <div class='ocr_carea' id='block_1_4' title="bbox 221 2970 1890 3100">
    <p class='ocr_par' dir='ltr' id='par_1_4' title="bbox 221 2970 1890 3100">
     <span class='ocr_line' id='line_1_36' title="bbox 221 2970 1890 3036; baseline 0.002 -18"><span class='ocrx_word' id='word_1_297' title='bbox 221 2971 390 3019; x_wconf 88' lang='lat' dir='ltr'>lanum</span> <span class='ocrx_word' id='word_1_298' title='bbox 410 2970 478 3019; x_wconf 92' lang='lat' dir='ltr'>ire</span> <span class='ocrx_word' id='word_1_299' title='bbox 497 2971 762 3032; x_wconf 90' lang='lat' dir='ltr'>constituit,</span> <span class='ocrx_word' id='word_1_300' title='bbox 781 2974 984 3035; x_wconf 88' lang='lat' dir='ltr'>paulum</span> <span class='ocrx_word' id='word_1_301' title='bbox 1004 2972 1290 3036; x_wconf 89' lang='lat' dir='ltr'>requiescet,</span> <span class='ocrx_word' id='word_1_302' title='bbox 1309 2974 1430 3021; x_wconf 88' lang='lat' dir='ltr'>dum</span> <span class='ocrx_word' id='word_1_303' title='bbox 1450 2989 1501 3022; x_wconf 91' lang='lat' dir='ltr'>se</span> <span class='ocrx_word' id='word_1_304' title='bbox 1520 2974 1653 3022; x_wconf 91' lang='lat' dir='ltr'>calor</span> <span class='ocrx_word' id='word_1_305' title='bbox 1670 2974 1858 3036; x_wconf 87' lang='lat' dir='ltr'>frangat</span> <span class='ocrx_word' id='word_1_306' title='bbox 1875 2991 1890 3034; x_wconf 90' lang='lat'><em>3</em></span> 
     </span>
     <span class='ocr_line' id='line_1_37' title="bbox 272 3061 1797 3100; baseline -0.003 -6"><span class='ocrx_word' id='word_1_307' title='bbox 272 3067 349 3095; x_wconf 79' lang='lat' dir='ltr'>cre.</span> <span class='ocrx_word' id='word_1_308' title='bbox 373 3066 427 3095; x_wconf 71' lang='lat' dir='ltr'>nt</span> <span class='ocrx_word' id='word_1_309' title='bbox 447 3067 570 3095; x_wconf 70' lang='lat' dir='ltr'>nnn.</span> <span class='ocrx_word' id='word_1_310' title='bbox 1696 3061 1722 3100; x_wconf 83' lang='lat'>5</span> <span class='ocrx_word' id='word_1_311' title='bbox 1791 3086 1797 3090; x_wconf 91' lang='lat'>.</span> 
     </span>
    </p>
   </div>
  </div>
 </body>
</html>
