2150 3444
66 146 130 198 7⁵
154 152 232 199 303

147 529 226 571 304

147 1009 224 1052 305

146 1803 227 1865 306

162 2333 230 2392 76

148 2417 230 2462 307

713 132 782 180 M.
822 132 1032 179 TVLLI
1071 131 1453 181 CICERONIS

249 277 597 333 versanturque
629 269 680 318 in
716 269 933 319 hostium
970 268 1136 318 castris
1161 285 1219 318 ac
1244 285 1332 318 sua
1356 268 1597 332 praesidia
1632 269 1921 332 dimittunt,
1959 299 1962 302 ⁴

250 351 625 401 mediocriterne
660 351 818 400 causis
854 359 1049 410 nocent,
1078 367 1192 399 cum
1228 358 1312 398 aut
1347 349 1733 399 adversariorum
1767 351 1903 401 adiu-

250 441 417 481 menta
441 433 732 481 confirmant
756 440 841 480 aut
865 448 935 492 ea,
958 448 1085 495 quae
1104 447 1274 480 sanare
1298 439 1565 493 nequeunt,
1593 433 1904 482 exulcerant?

251 512 403 574 Quid,
450 529 565 561 cum
616 529 952 575 personarum,
998 529 1120 575 quas
1167 512 1456 572 defendunt,
1506 510 1746 560 rationem
1798 528 1901 561 non

250 594 447 653 habent,
488 593 540 653 si,
577 609 703 656 quae
733 602 846 641 sunt
878 593 929 641 in
965 592 1034 642 eis
1072 592 1332 653 invidiosa,
1372 608 1475 640 non
1517 591 1741 655 mitigant
1775 600 1902 642 exte-
1923 607 1947 650 5

249 674 465 733 nuando,
509 674 598 721 sed
646 674 896 722 laudando
945 682 994 722 et
1042 674 1291 722 efferendo
1337 671 1652 721 invidiosiora
1699 671 1902 735 faciunt,

249 762 490 816 quantum
526 761 599 802 est
636 752 686 801 in
728 770 789 802 eo
826 754 1029 802 tandem
1070 752 1223 802 mali?
1316 751 1467 814 Quid,
1508 752 1548 801 si
1588 752 1639 801 in
1675 751 1902 802 homines

249 850 387 882 caros
448 833 794 897 iudicibusque
858 833 1102 883 iucundos
1169 833 1275 883 sine
1343 835 1443 882 ulla
1510 832 1902 897 praemunitione

249 913 481 963 orationis
515 913 737 963 acerbius
773 922 822 964 et
857 914 1260 964 contumeliosius
1306 914 1552 975 invehare,
1587 930 1754 963 nonne
1789 930 1819 962 a
1852 922 1902 963 te

248 992 435 1043 iudices
470 993 757 1043 abalienes?
849 994 1003 1055 Quid,
1050 994 1103 1055 si,
1153 1011 1280 1058 quae
1315 994 1431 1043 vitia
1464 1003 1549 1044 aut
1582 993 1902 1047 incommoda
1925 1011 1977 1042 10

247 1082 362 1122 sunt
385 1073 436 1121 in
465 1073 631 1136 aliquo
662 1073 825 1123 iudice
858 1090 959 1122 uno
986 1082 1071 1123 aut
1099 1074 1334 1138 pluribus,
1367 1090 1426 1124 ea
1457 1082 1511 1123 tu
1540 1074 1592 1122 in
1616 1073 1900 1124 adversariis

247 1154 590 1216 exprobrando
613 1171 716 1203 non
740 1154 992 1218 intellegas
1017 1163 1066 1203 te
1090 1154 1141 1203 in
1165 1154 1352 1204 iudices
1387 1154 1571 1216 invehi,
1594 1153 1904 1204 mediocrene

245 1242 506 1297 peccatum
535 1237 645 1283 est?
714 1234 867 1295 Quid,
892 1234 946 1295 si,
974 1251 1088 1283 cum
1113 1251 1202 1299 pro
1225 1236 1378 1283 altero
1413 1234 1563 1295 dicas,
1594 1234 1730 1284 litem
1765 1243 1902 1284 tuam

245 1314 394 1363 facias
413 1324 497 1364 aut
515 1317 674 1364 laesus
699 1317 896 1365 efferare
921 1315 1190 1376 iracundia,
1206 1332 1405 1365 causam
1429 1314 1690 1379 relinquas,
1714 1314 1902 1365 nihilne

245 1398 467 1444 noceas?
536 1397 597 1444 In
621 1412 722 1459 quo
755 1413 859 1460 ego,
888 1412 989 1445 non
1022 1412 1123 1459 quo
1158 1395 1368 1446 libenter
1400 1398 1527 1445 male
1561 1395 1774 1456 audiam,
1812 1397 1901 1445 sed
1925 1411 1974 1454 15

245 1475 362 1538 quia
380 1492 579 1524 causam
597 1492 700 1524 non
723 1475 932 1525 libenter
955 1475 1193 1540 relinquo,
1220 1475 1429 1525 nimium
1453 1476 1643 1539 patiens
1668 1485 1717 1526 et
1739 1478 1901 1526 lentus

245 1555 527 1617 existimor;
576 1565 643 1616 ut,
687 1573 802 1606 cum
843 1565 893 1606 te
927 1556 1107 1620 ipsum,
1147 1557 1347 1621 Sulpici,
1392 1557 1728 1620 obiurgabam,
1765 1557 1903 1621 quod

247 1636 624 1686 ministratorem
648 1646 852 1700 petereS,
873 1654 976 1686 non
999 1637 1331 1688 adversarium
1349 1655 1364 1699 3
1400 1655 1460 1688 ex
1483 1654 1585 1701 quo
1609 1636 1758 1688 etiam
1780 1637 1904 1687 illud

247 1719 505 1781 adsequor,
543 1726 610 1779 ut,
649 1717 689 1766 si
725 1718 834 1781 quis
870 1717 991 1766 mihi
1026 1720 1154 1768 male
1188 1718 1334 1779 dicat,
1375 1721 1601 1783 petulans
1635 1726 1722 1768 aut
1756 1719 1903 1782 plane

247 1796 448 1846 insanus
481 1814 588 1847 esse
618 1797 852 1848 videatur.
927 1801 988 1848 In
1020 1799 1137 1862 ipsis
1169 1808 1336 1849 autem
1370 1798 1669 1863 argumentis
1705 1798 1746 1848 si
1780 1797 1902 1862 quid
1926 1817 1979 1846 20

247 1877 467 1941 posueris
502 1886 587 1927 aut
620 1887 787 1942 aperte
821 1881 998 1928 falsum
1030 1888 1115 1928 aut
1150 1879 1212 1941 ei,
1236 1881 1373 1943 quod
1409 1879 1586 1929 dixeris
1622 1878 1903 1929 dicturusve

247 1957 330 2019 siS,
355 1958 650 2007 contrarium
674 1967 759 2008 aut
781 1976 959 2022 genere
991 1959 1100 2023 ipso
1135 1968 1379 2010 remotum
1403 1960 1466 2009 ab
1491 1976 1583 2009 usu
1608 1957 1903 2009 iudiciorum

247 2055 306 2087 ac
338 2040 461 2099 foro,
485 2039 672 2088 nihilne
704 2041 922 2089 noceas?
991 2039 1128 2101 Quid
1164 2041 1358 2089 multa?
1427 2039 1605 2090 Omnis
1640 2054 1757 2088 cura
1791 2055 1904 2088 mea

248 2121 372 2168 solet
390 2119 442 2168 in
466 2121 563 2168 hoc
580 2120 758 2169 versari
782 2120 1207 2184 semper—dicam
1231 2120 1364 2169 enim
1388 2118 1692 2184 saepius—si
1715 2117 1901 2183 possim

248 2207 303 2247 ut
326 2199 447 2248 boni
475 2199 683 2249 efficiam
711 2199 898 2264 aliquid
933 2200 1147 2251 dicendo
1166 2218 1180 2261 3
1215 2199 1291 2249 sin
1315 2199 1367 2251 id
1392 2199 1568 2261 minUS,
1595 2208 1650 2249 ut
1677 2207 1810 2249 certe
1835 2215 1901 2249 ne
1924 2217 1976 2261 ²5

250 2278 372 2343 quid
396 2279 524 2328 mali.

321 2361 497 2423 Itaque
521 2377 655 2409 nunc
678 2360 795 2410 illuc
818 2362 982 2422 redeo,
1010 2362 1200 2422 Catule,
1227 2360 1279 2409 in
1302 2375 1404 2424 quo
1427 2367 1482 2408 tu
1506 2375 1588 2408 me
1617 2359 1766 2423 paulo
1789 2366 1904 2408 ante

251 2440 505 2502 laudabaS,
528 2442 594 2491 ad
618 2441 843 2491 ordinem
866 2441 1362 2505 conlocationemque
1384 2457 1545 2490 rerum
1568 2456 1628 2489 ac
1651 2441 1904 2500 locorum;

251 2521 390 2571 cuius
415 2522 537 2571 ratio
561 2531 636 2573 est
659 2525 871 2587 duplex3
905 2525 1070 2584 altera,
1088 2539 1238 2586 quam
1256 2522 1414 2573 adfert
1431 2530 1605 2572 natura
1627 2535 1901 2581 causarum,

249 2604 413 2663 altera,
463 2619 590 2666 quae
636 2612 886 2652 oratorum
931 2592 1116 2652 iudicio
1162 2612 1212 2652 et
1251 2601 1512 2666 prudentia
1559 2609 1901 2666 comparaturi
1923 2621 1977 2665 go

251 2699 368 2731 nam
403 2691 457 2732 ut
491 2683 679 2747 aliquid
713 2692 829 2733 ante
863 2699 967 2733 rem
996 2682 1236 2743 dicamUS,
1260 2682 1442 2733 deinde
1477 2690 1531 2732 ut
1565 2698 1668 2731 rem
1692 2695 1902 2746 expona-

305 2811 359 2851 M
375 2832 410 2846 =
430 2813 568 2853 AEH
724 2827 750 2854 2
767 2819 852 2855 -aut
870 2827 952 2854 om.
975 2813 1029 2852 M
1137 2825 1187 2854 10
1215 2814 1375 2854 alienes
1394 2811 1447 2851 H
1554 2825 1604 2852 12
1632 2808 1902 2852 mediocrene

252 2866 413 2918 Kayser
555 2880 601 2917 13
630 2869 667 2907 si
697 2869 735 2908 L
769 2869 881 2920 vulg.
905 2882 915 2907 ε
958 2868 997 2907 ei
1015 2866 1069 2906 M
1203 2881 1251 2919 17
1281 2873 1328 2907 ut
1356 2866 1410 2905 M
1422 2882 1432 2906 ε
1471 2871 1544 2906 aut
1572 2867 1611 2906 L
1773 2876 1826 2914 23
1852 2873 1903 2905 ac

253 2949 264 2961 .
284 2950 294 2960 .
319 2950 329 2961 .
354 2921 483 2961 multa
511 2934 596 2961 om.
622 2921 676 2960 M
798 2935 850 2972 24
878 2922 1051 2973 saepius
1068 2934 1149 2962 om.
1172 2920 1226 2960 M
1384 2931 1437 2971 25
1463 2921 1532 2960 sin
1550 2919 1663 2972 vulg.
1683 2932 1694 2960 ε
1719 2919 1757 2959 si
1776 2916 1830 2959 M
