<?xml version="1.0" encoding="UTF-8"?>
<!DOCTYPE html PUBLIC "-//W3C//DTD XHTML 1.0 Transitional//EN"
    "http://www.w3.org/TR/xhtml1/DTD/xhtml1-transitional.dtd">
<html xmlns="http://www.w3.org/1999/xhtml" xml:lang="en" lang="en">
 <head>
  <title>
</title>
<meta http-equiv="Content-Type" content="text/html;charset=utf-8" />
  <meta name='ocr-system' content='tesseract 3.04.00' />
  <meta name='ocr-capabilities' content='ocr_page ocr_carea ocr_par ocr_line ocrx_word'/>
</head>
<body>
  <div class='ocr_page' id='page_1' title='image "./rhetoricarecogno01ciceuoft_0238.png"; bbox 0 0 2150 3444; ppageno 0'>
   <div class='ocr_carea' id='block_1_1' title="bbox 117 148 281 204">
    <p class='ocr_par' dir='ltr' id='par_1_1' title="bbox 117 148 281 204">
     <span class='ocr_line' id='line_1_1' title="bbox 117 148 281 204; baseline 0 -1"><span class='ocrx_word' id='word_1_1' title='bbox 117 153 194 204; x_wconf 50' lang='lat'>39¹</span> <span class='ocrx_word' id='word_1_2' title='bbox 207 148 281 203; x_wconf 84' lang='lat'>158</span> 
     </span>
    </p>
   </div>
   <div class='ocr_carea' id='block_1_2' title="bbox 203 294 279 335">
    <p class='ocr_par' dir='ltr' id='par_1_2' title="bbox 203 294 279 335">
     <span class='ocr_line' id='line_1_2' title="bbox 203 294 279 335; baseline 0.013 -1"><span class='ocrx_word' id='word_1_3' title='bbox 203 294 279 335; x_wconf 89' lang='lat'>159</span> 
     </span>
    </p>
   </div>
   <div class='ocr_carea' id='block_1_3' title="bbox 206 453 277 501">
    <p class='ocr_par' dir='ltr' id='par_1_3' title="bbox 206 453 277 501">
     <span class='ocr_line' id='line_1_3' title="bbox 206 453 277 501; baseline 0 -11"><span class='ocrx_word' id='word_1_4' title='bbox 206 453 277 501; x_wconf 91' lang='lat'>40</span> 
     </span>
    </p>
   </div>
   <div class='ocr_carea' id='block_1_4' title="bbox 195 853 274 894">
    <p class='ocr_par' dir='ltr' id='par_1_4' title="bbox 195 853 274 894">
     <span class='ocr_line' id='line_1_4' title="bbox 195 853 274 894; baseline 0.013 -1"><span class='ocrx_word' id='word_1_5' title='bbox 195 853 274 894; x_wconf 92' lang='lat'>160</span> 
     </span>
    </p>
   </div>
   <div class='ocr_carea' id='block_1_5' title="bbox 192 1412 266 1454">
    <p class='ocr_par' dir='ltr' id='par_1_5' title="bbox 192 1412 266 1454">
     <span class='ocr_line' id='line_1_5' title="bbox 192 1412 266 1454; baseline 0.027 -2"><span class='ocrx_word' id='word_1_6' title='bbox 192 1412 266 1454; x_wconf 90' lang='lat'>161</span> 
     </span>
    </p>
   </div>
   <div class='ocr_carea' id='block_1_6' title="bbox 766 141 1507 192">
    <p class='ocr_par' dir='ltr' id='par_1_6' title="bbox 766 141 1507 192">
     <span class='ocr_line' id='line_1_6' title="bbox 766 141 1507 192; baseline 0.003 -3"><span class='ocrx_word' id='word_1_7' title='bbox 766 141 837 190; x_wconf 91' lang='lat' dir='ltr'>M.</span> <span class='ocrx_word' id='word_1_8' title='bbox 876 142 1087 190; x_wconf 90' lang='lat' dir='ltr'>TVLLI</span> <span class='ocrx_word' id='word_1_9' title='bbox 1126 142 1507 192; x_wconf 90' lang='lat' dir='ltr'><strong>CICERONIS</strong></span> 
     </span>
    </p>
   </div>
   <div class='ocr_carea' id='block_1_7' title="bbox 291 280 2026 1960">
    <p class='ocr_par' dir='ltr' id='par_1_7' title="bbox 291 280 2026 1960">
     <span class='ocr_line' id='line_1_7' title="bbox 305 280 1954 345; baseline 0.002 -16"><span class='ocrx_word' id='word_1_10' title='bbox 305 282 548 330; x_wconf 86' lang='lat' dir='ltr'>translato.</span> <span class='ocrx_word' id='word_1_11' title='bbox 624 283 741 332; x_wconf 94' lang='lat' dir='ltr'>Hoc</span> <span class='ocrx_word' id='word_1_12' title='bbox 765 280 815 330; x_wconf 91' lang='lat' dir='ltr'>in</span> <span class='ocrx_word' id='word_1_13' title='bbox 839 297 1016 344; x_wconf 85' lang='lat' dir='ltr'><strong>genere</strong></span> <span class='ocrx_word' id='word_1_14' title='bbox 1045 298 1279 345; x_wconf 84' lang='lat' dir='ltr'>persaepe</span> <span class='ocrx_word' id='word_1_15' title='bbox 1311 280 1431 330; x_wconf 93' lang='lat' dir='ltr'>mihi</span> <span class='ocrx_word' id='word_1_16' title='bbox 1455 281 1801 332; x_wconf 87' lang='lat' dir='ltr'>admirandum</span> <span class='ocrx_word' id='word_1_17' title='bbox 1825 281 1954 333; x_wconf 80' lang='lat' dir='ltr'>vide—</span> 
     </span>
     <span class='ocr_line' id='line_1_8' title="bbox 303 361 1955 427; baseline 0.002 -17"><span class='ocrx_word' id='word_1_18' title='bbox 303 371 379 410; x_wconf 91' lang='lat' dir='ltr'>tur</span> <span class='ocrx_word' id='word_1_19' title='bbox 414 361 535 426; x_wconf 92' lang='lat' dir='ltr'>quid</span> <span class='ocrx_word' id='word_1_20' title='bbox 571 361 644 422; x_wconf 89' lang='lat' dir='ltr'>sit,</span> <span class='ocrx_word' id='word_1_21' title='bbox 677 364 814 426; x_wconf 93' lang='lat' dir='ltr'>quod</span> <span class='ocrx_word' id='word_1_22' title='bbox 847 379 1019 411; x_wconf 90' lang='lat' dir='ltr'>omnes</span> <span class='ocrx_word' id='word_1_23' title='bbox 1055 362 1297 411; x_wconf 84' lang='lat' dir='ltr'><strong>translatis</strong></span> <span class='ocrx_word' id='word_1_24' title='bbox 1326 370 1375 411; x_wconf 90' lang='lat' dir='ltr'>et</span> <span class='ocrx_word' id='word_1_25' title='bbox 1405 362 1576 412; x_wconf 90' lang='lat' dir='ltr'>alienis</span> <span class='ocrx_word' id='word_1_26' title='bbox 1612 363 1764 427; x_wconf 90' lang='lat' dir='ltr'>magis</span> <span class='ocrx_word' id='word_1_27' title='bbox 1796 365 1955 414; x_wconf 91' lang='lat' dir='ltr'>delec-</span> 
     </span>
     <span class='ocr_line' id='line_1_9' title="bbox 303 442 1952 508; baseline 0.002 -16"><span class='ocrx_word' id='word_1_28' title='bbox 303 452 465 492; x_wconf 89' lang='lat' dir='ltr'>tentur</span> <span class='ocrx_word' id='word_1_29' title='bbox 510 443 670 493; x_wconf 90' lang='lat' dir='ltr'>verbis</span> <span class='ocrx_word' id='word_1_30' title='bbox 718 461 867 507; x_wconf 91' lang='lat' dir='ltr'>quam</span> <span class='ocrx_word' id='word_1_31' title='bbox 914 444 1119 508; x_wconf 90' lang='lat' dir='ltr'>propriis</span> <span class='ocrx_word' id='word_1_32' title='bbox 1158 453 1207 494; x_wconf 87' lang='lat' dir='ltr'>et</span> <span class='ocrx_word' id='word_1_33' title='bbox 1253 442 1364 493; x_wconf 91' lang='lat' dir='ltr'>suis.</span> <span class='ocrx_word' id='word_1_34' title='bbox 1439 446 1570 494; x_wconf 90' lang='lat' dir='ltr'>Nam</span> <span class='ocrx_word' id='word_1_35' title='bbox 1611 443 1652 493; x_wconf 91' lang='lat' dir='ltr'>si</span> <span class='ocrx_word' id='word_1_36' title='bbox 1692 462 1767 495; x_wconf 92' lang='lat' dir='ltr'>res</span> <span class='ocrx_word' id='word_1_37' title='bbox 1808 462 1952 495; x_wconf 90' lang='lat' dir='ltr'>suum</span> 
     </span>
     <span class='ocr_line' id='line_1_10' title="bbox 301 525 1950 589; baseline 0.002 -16"><span class='ocrx_word' id='word_1_38' title='bbox 301 541 485 574; x_wconf 88' lang='lat' dir='ltr'>nornen</span> <span class='ocrx_word' id='word_1_39' title='bbox 521 533 570 574; x_wconf 92' lang='lat' dir='ltr'>et</span> <span class='ocrx_word' id='word_1_40' title='bbox 593 526 889 575; x_wconf 91' lang='lat' dir='ltr'>vocabulum</span> <span class='ocrx_word' id='word_1_41' title='bbox 925 525 1177 589; x_wconf 90' lang='lat' dir='ltr'>proprium</span> <span class='ocrx_word' id='word_1_42' title='bbox 1212 542 1314 574; x_wconf 89' lang='lat' dir='ltr'>non</span> <span class='ocrx_word' id='word_1_43' title='bbox 1346 526 1510 585; x_wconf 91' lang='lat' dir='ltr'>habet,</span> <span class='ocrx_word' id='word_1_44' title='bbox 1536 534 1590 574; x_wconf 93' lang='lat' dir='ltr'>ut</span> <span class='ocrx_word' id='word_1_45' title='bbox 1618 542 1705 589; x_wconf 90' lang='lat' dir='ltr'>pes</span> <span class='ocrx_word' id='word_1_46' title='bbox 1741 525 1792 574; x_wconf 91' lang='lat' dir='ltr'>in</span> <span class='ocrx_word' id='word_1_47' title='bbox 1823 526 1950 587; x_wconf 83' lang='lat' dir='ltr'>navi,</span> 
     </span>
     <span class='ocr_line' id='line_1_11' title="bbox 300 599 1998 670; baseline 0.001 -16"><span class='ocrx_word' id='word_1_48' title='bbox 300 614 353 654; x_wconf 93' lang='lat' dir='ltr'>ut</span> <span class='ocrx_word' id='word_1_49' title='bbox 388 623 585 667; x_wconf 87' lang='lat' dir='ltr'>nexum,</span> <span class='ocrx_word' id='word_1_50' title='bbox 609 608 746 670; x_wconf 94' lang='lat' dir='ltr'>quod</span> <span class='ocrx_word' id='word_1_51' title='bbox 782 623 868 669; x_wconf 89' lang='lat' dir='ltr'>per</span> <span class='ocrx_word' id='word_1_52' title='bbox 901 606 1075 655; x_wconf 88' lang='lat' dir='ltr'>libram</span> <span class='ocrx_word' id='word_1_53' title='bbox 1110 606 1278 670; x_wconf 89' lang='lat' dir='ltr'>agitur,</span> <span class='ocrx_word' id='word_1_54' title='bbox 1311 616 1365 655; x_wconf 92' lang='lat' dir='ltr'>ut</span> <span class='ocrx_word' id='word_1_55' title='bbox 1400 599 1451 655; x_wconf 90' lang='lat' dir='ltr'>in</span> <span class='ocrx_word' id='word_1_56' title='bbox 1486 623 1636 656; x_wconf 88' lang='lat' dir='ltr'>uxore</span> <span class='ocrx_word' id='word_1_57' title='bbox 1671 606 1949 667; x_wconf 89' lang='lat' dir='ltr'>divortium,</span> <span class='ocrx_word' id='word_1_58' title='bbox 1974 622 1998 664; x_wconf 85' lang='lat'><strong>5</strong></span> 
     </span>
     <span class='ocr_line' id='line_1_12' title="bbox 299 686 1952 750; baseline 0.001 -16"><span class='ocrx_word' id='word_1_59' title='bbox 299 686 562 736; x_wconf 86' lang='lat' dir='ltr'>necessitas</span> <span class='ocrx_word' id='word_1_60' title='bbox 591 687 738 750; x_wconf 86' lang='lat' dir='ltr'>cogit,</span> <span class='ocrx_word' id='word_1_61' title='bbox 762 687 900 750; x_wconf 94' lang='lat' dir='ltr'>quod</span> <span class='ocrx_word' id='word_1_62' title='bbox 931 704 1033 736; x_wconf 91' lang='lat' dir='ltr'>non</span> <span class='ocrx_word' id='word_1_63' title='bbox 1064 688 1261 747; x_wconf 83' lang='lat' dir='ltr'>habeas,</span> <span class='ocrx_word' id='word_1_64' title='bbox 1287 687 1487 737; x_wconf 90' lang='lat' dir='ltr'>aliunde</span> <span class='ocrx_word' id='word_1_65' title='bbox 1524 704 1715 736; x_wconf 90' lang='lat' dir='ltr'>sumere</span> <span class='ocrx_word' id='word_1_66' title='bbox 1730 705 1744 749; x_wconf 79' lang='lat'>3</span> <span class='ocrx_word' id='word_1_67' title='bbox 1780 688 1869 738; x_wconf 90' lang='lat' dir='ltr'>sed</span> <span class='ocrx_word' id='word_1_68' title='bbox 1900 687 1952 736; x_wconf 90' lang='lat' dir='ltr'>in</span> 
     </span>
     <span class='ocr_line' id='line_1_13' title="bbox 299 766 1952 831; baseline 0.002 -17"><span class='ocrx_word' id='word_1_69' title='bbox 299 782 497 816; x_wconf 90' lang='lat' dir='ltr'>suorum</span> <span class='ocrx_word' id='word_1_70' title='bbox 545 767 805 816; x_wconf 90' lang='lat' dir='ltr'>verborum</span> <span class='ocrx_word' id='word_1_71' title='bbox 852 767 1065 815; x_wconf 88' lang='lat' dir='ltr'>maxima</span> <span class='ocrx_word' id='word_1_72' title='bbox 1110 767 1255 831; x_wconf 89' lang='lat' dir='ltr'>copia</span> <span class='ocrx_word' id='word_1_73' title='bbox 1299 776 1464 816; x_wconf 90' lang='lat' dir='ltr'>tamen</span> <span class='ocrx_word' id='word_1_74' title='bbox 1511 767 1739 817; x_wconf 91' lang='lat' dir='ltr'>homines</span> <span class='ocrx_word' id='word_1_75' title='bbox 1791 766 1952 818; x_wconf 87' lang='lat' dir='ltr'>aliena</span> 
     </span>
     <span class='ocr_line' id='line_1_14' title="bbox 298 845 1951 911; baseline 0.002 -17"><span class='ocrx_word' id='word_1_76' title='bbox 298 849 454 896; x_wconf 92' lang='lat' dir='ltr'>multo</span> <span class='ocrx_word' id='word_1_77' title='bbox 491 846 658 911; x_wconf 87' lang='lat' dir='ltr'>magis,</span> <span class='ocrx_word' id='word_1_78' title='bbox 694 845 734 896; x_wconf 90' lang='lat' dir='ltr'>si</span> <span class='ocrx_word' id='word_1_79' title='bbox 763 855 878 896; x_wconf 87' lang='lat' dir='ltr'>sunt</span> <span class='ocrx_word' id='word_1_80' title='bbox 905 846 1092 896; x_wconf 87' lang='lat' dir='ltr'>ratione</span> <span class='ocrx_word' id='word_1_81' title='bbox 1125 848 1368 907; x_wconf 87' lang='lat' dir='ltr'>translata,</span> <span class='ocrx_word' id='word_1_82' title='bbox 1396 849 1656 896; x_wconf 91' lang='lat' dir='ltr'>delectant.</span> <span class='ocrx_word' id='word_1_83' title='bbox 1732 849 1794 897; x_wconf 94' lang='lat' dir='ltr'>Id</span> <span class='ocrx_word' id='word_1_84' title='bbox 1828 847 1951 897; x_wconf 92' lang='lat' dir='ltr'>acci-</span> 
     </span>
     <span class='ocr_line' id='line_1_15' title="bbox 295 926 1950 991; baseline 0.001 -16"><span class='ocrx_word' id='word_1_85' title='bbox 295 928 412 976; x_wconf 90' lang='lat' dir='ltr'>dere</span> <span class='ocrx_word' id='word_1_86' title='bbox 445 928 609 987; x_wconf 91' lang='lat' dir='ltr'>credo,</span> <span class='ocrx_word' id='word_1_87' title='bbox 634 929 710 976; x_wconf 89' lang='lat' dir='ltr'>vel</span> <span class='ocrx_word' id='word_1_88' title='bbox 740 928 876 990; x_wconf 92' lang='lat' dir='ltr'>quod</span> <span class='ocrx_word' id='word_1_89' title='bbox 909 926 1074 990; x_wconf 88' lang='lat' dir='ltr'>ingeni</span> <span class='ocrx_word' id='word_1_90' title='bbox 1115 927 1365 991; x_wconf 89' lang='lat' dir='ltr'>specimen</span> <span class='ocrx_word' id='word_1_91' title='bbox 1398 936 1470 976; x_wconf 91' lang='lat' dir='ltr'>est</span> <span class='ocrx_word' id='word_1_92' title='bbox 1500 929 1754 991; x_wconf 89' lang='lat' dir='ltr'>quoddam</span> <span class='ocrx_word' id='word_1_93' title='bbox 1783 927 1950 978; x_wconf 88' lang='lat' dir='ltr'>transi-</span> 
     </span>
     <span class='ocr_line' id='line_1_16' title="bbox 294 1006 2026 1072; baseline 0.002 -18"><span class='ocrx_word' id='word_1_94' title='bbox 294 1006 380 1056; x_wconf 92' lang='lat' dir='ltr'>lire</span> <span class='ocrx_word' id='word_1_95' title='bbox 395 1016 509 1056; x_wconf 92' lang='lat' dir='ltr'>ante</span> <span class='ocrx_word' id='word_1_96' title='bbox 528 1008 681 1071; x_wconf 90' lang='lat' dir='ltr'>pedes</span> <span class='ocrx_word' id='word_1_97' title='bbox 700 1006 861 1069; x_wconf 89' lang='lat' dir='ltr'>posita</span> <span class='ocrx_word' id='word_1_98' title='bbox 878 1015 925 1055; x_wconf 91' lang='lat' dir='ltr'>et</span> <span class='ocrx_word' id='word_1_99' title='bbox 940 1006 1034 1055; x_wconf 91' lang='lat' dir='ltr'>alia</span> <span class='ocrx_word' id='word_1_100' title='bbox 1049 1008 1195 1069; x_wconf 86' lang='lat' dir='ltr'>longe</span> <span class='ocrx_word' id='word_1_101' title='bbox 1224 1006 1428 1070; x_wconf 91' lang='lat' dir='ltr'>repetita</span> <span class='ocrx_word' id='word_1_102' title='bbox 1461 1024 1683 1069; x_wconf 71' lang='lat' dir='ltr'>sumere,</span> <span class='ocrx_word' id='word_1_103' title='bbox 1718 1010 1795 1057; x_wconf 92' lang='lat' dir='ltr'>vel</span> <span class='ocrx_word' id='word_1_104' title='bbox 1810 1008 1948 1072; x_wconf 90' lang='lat' dir='ltr'>quod</span> <span class='ocrx_word' id='word_1_105' title='bbox 1974 1028 2026 1057; x_wconf 89' lang='lat'>10</span> 
     </span>
     <span class='ocr_line' id='line_1_17' title="bbox 293 1086 1944 1151; baseline 0.002 -16"><span class='ocrx_word' id='word_1_106' title='bbox 293 1086 347 1146; x_wconf 91' lang='lat' dir='ltr'>is,</span> <span class='ocrx_word' id='word_1_107' title='bbox 376 1086 461 1150; x_wconf 91' lang='lat' dir='ltr'>qui</span> <span class='ocrx_word' id='word_1_108' title='bbox 492 1086 648 1147; x_wconf 86' lang='lat' dir='ltr'>audit,</span> <span class='ocrx_word' id='word_1_109' title='bbox 671 1087 769 1136; x_wconf 88' lang='lat' dir='ltr'>alio</span> <span class='ocrx_word' id='word_1_110' title='bbox 793 1086 989 1136; x_wconf 89' lang='lat' dir='ltr'>ducitur</span> <span class='ocrx_word' id='word_1_111' title='bbox 1019 1086 1317 1150; x_wconf 86' lang='lat' dir='ltr'>cogitatione</span> <span class='ocrx_word' id='word_1_112' title='bbox 1348 1104 1511 1151; x_wconf 92' lang='lat' dir='ltr'>neque</span> <span class='ocrx_word' id='word_1_113' title='bbox 1544 1097 1710 1137; x_wconf 90' lang='lat' dir='ltr'>tamen</span> <span class='ocrx_word' id='word_1_114' title='bbox 1739 1089 1944 1150; x_wconf 86' lang='lat' dir='ltr'>aberrat,</span> 
     </span>
     <span class='ocr_line' id='line_1_18' title="bbox 295 1166 1948 1232; baseline 0.002 -16"><span class='ocrx_word' id='word_1_115' title='bbox 295 1184 422 1230; x_wconf 91' lang='lat' dir='ltr'>quae</span> <span class='ocrx_word' id='word_1_116' title='bbox 447 1167 659 1215; x_wconf 87' lang='lat' dir='ltr'>maxima</span> <span class='ocrx_word' id='word_1_117' title='bbox 683 1175 757 1216; x_wconf 89' lang='lat' dir='ltr'>est</span> <span class='ocrx_word' id='word_1_118' title='bbox 780 1166 1044 1217; x_wconf 88' lang='lat' dir='ltr'>delectatio</span> <span class='ocrx_word' id='word_1_119' title='bbox 1060 1185 1076 1228; x_wconf 78' lang='lat'><em>3</em></span> <span class='ocrx_word' id='word_1_120' title='bbox 1109 1169 1186 1216; x_wconf 90' lang='lat' dir='ltr'>vel</span> <span class='ocrx_word' id='word_1_121' title='bbox 1211 1169 1347 1230; x_wconf 94' lang='lat' dir='ltr'>quod</span> <span class='ocrx_word' id='word_1_122' title='bbox 1380 1167 1431 1215; x_wconf 93' lang='lat' dir='ltr'>in</span> <span class='ocrx_word' id='word_1_123' title='bbox 1463 1167 1664 1232; x_wconf 87' lang='lat' dir='ltr'>singulis</span> <span class='ocrx_word' id='word_1_124' title='bbox 1688 1168 1849 1218; x_wconf 91' lang='lat' dir='ltr'>verbis</span> <span class='ocrx_word' id='word_1_125' title='bbox 1871 1185 1948 1219; x_wconf 89' lang='lat' dir='ltr'>res</span> 
     </span>
     <span class='ocr_line' id='line_1_19' title="bbox 294 1246 1948 1314; baseline 0.002 -18"><span class='ocrx_word' id='word_1_126' title='bbox 294 1264 352 1296; x_wconf 91' lang='lat' dir='ltr'>ac</span> <span class='ocrx_word' id='word_1_127' title='bbox 377 1256 535 1296; x_wconf 87' lang='lat' dir='ltr'>totum</span> <span class='ocrx_word' id='word_1_128' title='bbox 560 1247 718 1296; x_wconf 90' lang='lat' dir='ltr'>simile</span> <span class='ocrx_word' id='word_1_129' title='bbox 743 1246 999 1297; x_wconf 92' lang='lat' dir='ltr'>conficitur</span> <span class='ocrx_word' id='word_1_130' title='bbox 1015 1265 1029 1309; x_wconf 75' lang='lat'>5</span> <span class='ocrx_word' id='word_1_131' title='bbox 1064 1248 1142 1296; x_wconf 89' lang='lat' dir='ltr'>vel</span> <span class='ocrx_word' id='word_1_132' title='bbox 1174 1248 1312 1311; x_wconf 94' lang='lat' dir='ltr'>quod</span> <span class='ocrx_word' id='word_1_133' title='bbox 1343 1248 1504 1297; x_wconf 91' lang='lat' dir='ltr'>omnis</span> <span class='ocrx_word' id='word_1_134' title='bbox 1529 1249 1796 1311; x_wconf 87' lang='lat' dir='ltr'>translatio,</span> <span class='ocrx_word' id='word_1_135' title='bbox 1820 1266 1948 1314; x_wconf 86' lang='lat' dir='ltr'>quae</span> 
     </span>
     <span class='ocr_line' id='line_1_20' title="bbox 294 1327 1943 1393; baseline 0.003 -18"><span class='ocrx_word' id='word_1_136' title='bbox 294 1327 495 1390; x_wconf 91' lang='lat' dir='ltr'>quidem</span> <span class='ocrx_word' id='word_1_137' title='bbox 542 1337 738 1391; x_wconf 91' lang='lat' dir='ltr'>sumpta</span> <span class='ocrx_word' id='word_1_138' title='bbox 783 1327 971 1377; x_wconf 90' lang='lat' dir='ltr'>ratione</span> <span class='ocrx_word' id='word_1_139' title='bbox 1017 1337 1108 1388; x_wconf 85' lang='lat' dir='ltr'>est,</span> <span class='ocrx_word' id='word_1_140' title='bbox 1143 1330 1210 1378; x_wconf 92' lang='lat' dir='ltr'>ad</span> <span class='ocrx_word' id='word_1_141' title='bbox 1255 1344 1426 1378; x_wconf 89' lang='lat' dir='ltr'>sensus</span> <span class='ocrx_word' id='word_1_142' title='bbox 1466 1328 1599 1393; x_wconf 90' lang='lat' dir='ltr'>ipsos</span> <span class='ocrx_word' id='word_1_143' title='bbox 1639 1331 1943 1391; x_wconf 90' lang='lat' dir='ltr'>admovetur,</span> 
     </span>
     <span class='ocr_line' id='line_1_21' title="bbox 294 1409 2018 1473; baseline 0.003 -16"><span class='ocrx_word' id='word_1_144' title='bbox 294 1409 504 1458; x_wconf 85' lang='lat' dir='ltr'>maxime</span> <span class='ocrx_word' id='word_1_145' title='bbox 528 1412 797 1470; x_wconf 90' lang='lat' dir='ltr'>oculorum,</span> <span class='ocrx_word' id='word_1_146' title='bbox 826 1410 911 1473; x_wconf 93' lang='lat' dir='ltr'>qui</span> <span class='ocrx_word' id='word_1_147' title='bbox 935 1419 1008 1459; x_wconf 92' lang='lat' dir='ltr'>est</span> <span class='ocrx_word' id='word_1_148' title='bbox 1032 1427 1204 1460; x_wconf 91' lang='lat' dir='ltr'>sensus</span> <span class='ocrx_word' id='word_1_149' title='bbox 1228 1410 1504 1460; x_wconf 89' lang='lat' dir='ltr'>acerrimus.</span> <span class='ocrx_word' id='word_1_150' title='bbox 1576 1413 1709 1460; x_wconf 90' lang='lat' dir='ltr'>Nam</span> <span class='ocrx_word' id='word_1_151' title='bbox 1739 1419 1789 1461; x_wconf 91' lang='lat' dir='ltr'>et</span> <span class='ocrx_word' id='word_1_152' title='bbox 1819 1413 1944 1462; x_wconf 88' lang='lat' dir='ltr'>odor</span> <span class='ocrx_word' id='word_1_153' title='bbox 1968 1431 2018 1473; x_wconf 89' lang='lat'>15</span> 
     </span>
     <span class='ocr_line' id='line_1_22' title="bbox 292 1489 1945 1543; baseline 0.002 -5"><span class='ocrx_word' id='word_1_154' title='bbox 292 1489 579 1539; x_wconf 89' lang='lat' dir='ltr'>urbanitatis</span> <span class='ocrx_word' id='word_1_155' title='bbox 621 1499 670 1539; x_wconf 88' lang='lat' dir='ltr'>et</span> <span class='ocrx_word' id='word_1_156' title='bbox 707 1490 968 1540; x_wconf 93' lang='lat' dir='ltr'>mollitudo</span> <span class='ocrx_word' id='word_1_157' title='bbox 1009 1490 1327 1540; x_wconf 88' lang='lat' dir='ltr'>humanitatis</span> <span class='ocrx_word' id='word_1_158' title='bbox 1367 1500 1416 1540; x_wconf 88' lang='lat' dir='ltr'>et</span> <span class='ocrx_word' id='word_1_159' title='bbox 1456 1508 1675 1541; x_wconf 88' lang='lat' dir='ltr'>murmur</span> <span class='ocrx_word' id='word_1_160' title='bbox 1714 1490 1860 1542; x_wconf 89' lang='lat' dir='ltr'>maris</span> <span class='ocrx_word' id='word_1_161' title='bbox 1895 1500 1945 1543; x_wconf 89' lang='lat' dir='ltr'>et</span> 
     </span>
     <span class='ocr_line' id='line_1_23' title="bbox 294 1570 1945 1635; baseline 0.002 -15"><span class='ocrx_word' id='word_1_162' title='bbox 294 1571 551 1622; x_wconf 89' lang='lat' dir='ltr'>dulcitudo</span> <span class='ocrx_word' id='word_1_163' title='bbox 576 1570 809 1621; x_wconf 90' lang='lat' dir='ltr'>orationis</span> <span class='ocrx_word' id='word_1_164' title='bbox 842 1580 956 1621; x_wconf 90' lang='lat' dir='ltr'>sunt</span> <span class='ocrx_word' id='word_1_165' title='bbox 988 1573 1137 1622; x_wconf 89' lang='lat' dir='ltr'>ducta</span> <span class='ocrx_word' id='word_1_166' title='bbox 1164 1582 1198 1621; x_wconf 81' lang='lat' dir='ltr'>&#39;a</span> <span class='ocrx_word' id='word_1_167' title='bbox 1229 1572 1402 1621; x_wconf 89' lang='lat' dir='ltr'>ceteris</span> <span class='ocrx_word' id='word_1_168' title='bbox 1434 1572 1658 1622; x_wconf 89' lang='lat' dir='ltr'>sensibus</span> <span class='ocrx_word' id='word_1_169' title='bbox 1674 1590 1689 1635; x_wconf 80' lang='lat'>3</span> <span class='ocrx_word' id='word_1_170' title='bbox 1723 1570 1807 1622; x_wconf 90' lang='lat' dir='ltr'>illa</span> <span class='ocrx_word' id='word_1_171' title='bbox 1829 1590 1945 1624; x_wconf 91' lang='lat' dir='ltr'>vero</span> 
     </span>
     <span class='ocr_line' id='line_1_24' title="bbox 294 1652 1946 1718; baseline 0.003 -19"><span class='ocrx_word' id='word_1_172' title='bbox 294 1653 549 1701; x_wconf 91' lang='lat' dir='ltr'>oculorum</span> <span class='ocrx_word' id='word_1_173' title='bbox 586 1655 742 1702; x_wconf 92' lang='lat' dir='ltr'>multo</span> <span class='ocrx_word' id='word_1_174' title='bbox 777 1653 974 1713; x_wconf 88' lang='lat' dir='ltr'>acriora,</span> <span class='ocrx_word' id='word_1_175' title='bbox 1008 1669 1134 1716; x_wconf 92' lang='lat' dir='ltr'>quae</span> <span class='ocrx_word' id='word_1_176' title='bbox 1169 1669 1327 1716; x_wconf 90' lang='lat' dir='ltr'>paene</span> <span class='ocrx_word' id='word_1_177' title='bbox 1361 1662 1554 1717; x_wconf 91' lang='lat' dir='ltr'>ponunt</span> <span class='ocrx_word' id='word_1_178' title='bbox 1588 1652 1641 1702; x_wconf 91' lang='lat' dir='ltr'>in</span> <span class='ocrx_word' id='word_1_179' title='bbox 1675 1663 1946 1718; x_wconf 88' lang='lat' dir='ltr'>conspectu</span> 
     </span>
     <span class='ocr_line' id='line_1_25' title="bbox 291 1731 1947 1797; baseline 0.003 -18"><span class='ocrx_word' id='word_1_180' title='bbox 291 1731 458 1792; x_wconf 87' lang='lat' dir='ltr'>animi,</span> <span class='ocrx_word' id='word_1_181' title='bbox 498 1749 625 1796; x_wconf 90' lang='lat' dir='ltr'>quae</span> <span class='ocrx_word' id='word_1_182' title='bbox 666 1750 863 1783; x_wconf 88' lang='lat' dir='ltr'>cernere</span> <span class='ocrx_word' id='word_1_183' title='bbox 904 1743 952 1783; x_wconf 91' lang='lat' dir='ltr'>et</span> <span class='ocrx_word' id='word_1_184' title='bbox 990 1732 1156 1783; x_wconf 92' lang='lat' dir='ltr'>videre</span> <span class='ocrx_word' id='word_1_185' title='bbox 1197 1750 1299 1782; x_wconf 91' lang='lat' dir='ltr'>non</span> <span class='ocrx_word' id='word_1_186' title='bbox 1340 1750 1614 1797; x_wconf 89' lang='lat' dir='ltr'>possumus.</span> <span class='ocrx_word' id='word_1_187' title='bbox 1688 1733 1826 1783; x_wconf 92' lang='lat' dir='ltr'>Nihil</span> <span class='ocrx_word' id='word_1_188' title='bbox 1872 1742 1947 1784; x_wconf 91' lang='lat' dir='ltr'>est</span> 
     </span>
     <span class='ocr_line' id='line_1_26' title="bbox 291 1812 2022 1879; baseline 0.003 -19"><span class='ocrx_word' id='word_1_189' title='bbox 291 1812 424 1860; x_wconf 91' lang='lat' dir='ltr'>enim</span> <span class='ocrx_word' id='word_1_190' title='bbox 449 1813 500 1861; x_wconf 92' lang='lat' dir='ltr'>in</span> <span class='ocrx_word' id='word_1_191' title='bbox 524 1831 685 1863; x_wconf 90' lang='lat' dir='ltr'>rerum</span> <span class='ocrx_word' id='word_1_192' title='bbox 709 1823 893 1874; x_wconf 89' lang='lat' dir='ltr'>natura,</span> <span class='ocrx_word' id='word_1_193' title='bbox 921 1814 1059 1863; x_wconf 92' lang='lat' dir='ltr'>cuius</span> <span class='ocrx_word' id='word_1_194' title='bbox 1085 1831 1175 1864; x_wconf 89' lang='lat' dir='ltr'>nos</span> <span class='ocrx_word' id='word_1_195' title='bbox 1200 1831 1302 1863; x_wconf 92' lang='lat' dir='ltr'>non</span> <span class='ocrx_word' id='word_1_196' title='bbox 1325 1814 1377 1862; x_wconf 92' lang='lat' dir='ltr'>in</span> <span class='ocrx_word' id='word_1_197' title='bbox 1400 1814 1506 1864; x_wconf 90' lang='lat' dir='ltr'>aliis</span> <span class='ocrx_word' id='word_1_198' title='bbox 1530 1814 1676 1864; x_wconf 91' lang='lat' dir='ltr'>rebus</span> <span class='ocrx_word' id='word_1_199' title='bbox 1700 1813 1945 1879; x_wconf 88' lang='lat' dir='ltr'>possimus</span> <span class='ocrx_word' id='word_1_200' title='bbox 1970 1835 2022 1865; x_wconf 85' lang='lat'>20</span> 
     </span>
     <span class='ocr_line' id='line_1_27' title="bbox 292 1892 1942 1960; baseline 0.003 -19"><span class='ocrx_word' id='word_1_201' title='bbox 292 1892 364 1942; x_wconf 88' lang='lat' dir='ltr'>uti</span> <span class='ocrx_word' id='word_1_202' title='bbox 397 1895 640 1944; x_wconf 89' lang='lat' dir='ltr'>vocabulo</span> <span class='ocrx_word' id='word_1_203' title='bbox 676 1904 723 1944; x_wconf 93' lang='lat' dir='ltr'>et</span> <span class='ocrx_word' id='word_1_204' title='bbox 759 1894 973 1945; x_wconf 90' lang='lat' dir='ltr'>nomine.</span> <span class='ocrx_word' id='word_1_205' title='bbox 1046 1896 1199 1946; x_wconf 89' lang='lat' dir='ltr'>Unde</span> <span class='ocrx_word' id='word_1_206' title='bbox 1239 1894 1372 1945; x_wconf 90' lang='lat' dir='ltr'>enim</span> <span class='ocrx_word' id='word_1_207' title='bbox 1413 1894 1571 1945; x_wconf 90' lang='lat' dir='ltr'>simile</span> <span class='ocrx_word' id='word_1_208' title='bbox 1610 1894 1728 1945; x_wconf 89' lang='lat' dir='ltr'>duci</span> <span class='ocrx_word' id='word_1_209' title='bbox 1767 1903 1942 1960; x_wconf 89' lang='lat' dir='ltr'>potest,</span> 
     </span>
    </p>
   </div>
   <div class='ocr_carea' id='block_1_8' title="bbox 264 1975 1946 2040">
    <p class='ocr_par' dir='ltr' id='par_1_8' title="bbox 264 1975 1946 2040">
     <span class='ocr_line' id='line_1_28' title="bbox 264 1975 1946 2040; baseline 0.002 -17"><span class='ocrx_word' id='word_1_210' title='bbox 264 1983 456 2037; x_wconf 69' lang='lat' dir='ltr'>-potest</span> <span class='ocrx_word' id='word_1_211' title='bbox 495 1985 661 2025; x_wconf 90' lang='lat' dir='ltr'>autem</span> <span class='ocrx_word' id='word_1_212' title='bbox 702 1994 761 2025; x_wconf 88' lang='lat' dir='ltr'>ex</span> <span class='ocrx_word' id='word_1_213' title='bbox 802 1976 1045 2036; x_wconf 82' lang='lat' dir='ltr'>omnibuS‚</span> <span class='ocrx_word' id='word_1_214' title='bbox 1087 1975 1309 2026; x_wconf 91' lang='lat' dir='ltr'>indidem</span> <span class='ocrx_word' id='word_1_215' title='bbox 1347 1977 1552 2025; x_wconf 89' lang='lat' dir='ltr'>verbum</span> <span class='ocrx_word' id='word_1_216' title='bbox 1597 1993 1772 2037; x_wconf 90' lang='lat' dir='ltr'>unum,</span> <span class='ocrx_word' id='word_1_217' title='bbox 1808 1979 1946 2040; x_wconf 92' lang='lat' dir='ltr'>quod</span> 
     </span>
    </p>
   </div>
   <div class='ocr_carea' id='block_1_9' title="bbox 191 2141 266 2183">
    <p class='ocr_par' dir='ltr' id='par_1_9' title="bbox 191 2141 266 2183">
     <span class='ocr_line' id='line_1_29' title="bbox 191 2141 266 2183; baseline 0 -1"><span class='ocrx_word' id='word_1_218' title='bbox 191 2141 266 2183; x_wconf 85' lang='lat'>162</span> 
     </span>
    </p>
   </div>
   <div class='ocr_carea' id='block_1_10' title="bbox 289 2054 2018 2596">
    <p class='ocr_par' dir='ltr' id='par_1_10' title="bbox 289 2054 2018 2596">
     <span class='ocr_line' id='line_1_30' title="bbox 292 2054 1941 2117; baseline 0.002 -14"><span class='ocrx_word' id='word_1_219' title='bbox 292 2054 663 2106; x_wconf 88' lang='lat' dir='ltr'>similitudinem</span> <span class='ocrx_word' id='word_1_220' title='bbox 699 2057 932 2117; x_wconf 88' lang='lat' dir='ltr'>continet,</span> <span class='ocrx_word' id='word_1_221' title='bbox 971 2058 1258 2106; x_wconf 89' lang='lat' dir='ltr'>translatum</span> <span class='ocrx_word' id='word_1_222' title='bbox 1292 2058 1462 2106; x_wconf 90' lang='lat' dir='ltr'>lumen</span> <span class='ocrx_word' id='word_1_223' title='bbox 1495 2057 1683 2106; x_wconf 88' lang='lat' dir='ltr'>adferet</span> <span class='ocrx_word' id='word_1_224' title='bbox 1718 2056 1941 2107; x_wconf 84' lang='lat' dir='ltr'>orationi.</span> 
     </span>
     <span class='ocr_line' id='line_1_31' title="bbox 294 2136 1944 2202; baseline 0.002 -18"><span class='ocrx_word' id='word_1_225' title='bbox 294 2137 410 2197; x_wconf 89' lang='lat' dir='ltr'>Quo</span> <span class='ocrx_word' id='word_1_226' title='bbox 444 2136 496 2185; x_wconf 92' lang='lat' dir='ltr'>in</span> <span class='ocrx_word' id='word_1_227' title='bbox 529 2153 707 2200; x_wconf 85' lang='lat' dir='ltr'>genere</span> <span class='ocrx_word' id='word_1_228' title='bbox 741 2138 954 2202; x_wconf 91' lang='lat' dir='ltr'>primum</span> <span class='ocrx_word' id='word_1_229' title='bbox 990 2147 1063 2187; x_wconf 93' lang='lat' dir='ltr'>est</span> <span class='ocrx_word' id='word_1_230' title='bbox 1098 2136 1330 2201; x_wconf 87' lang='lat' dir='ltr'>fugienda</span> <span class='ocrx_word' id='word_1_231' title='bbox 1363 2136 1744 2188; x_wconf 87' lang='lat' dir='ltr'>dissimilitudo:</span> <span class='ocrx_word' id='word_1_232' title='bbox 1795 2137 1944 2188; x_wconf 90' lang='lat' dir='ltr'>‘caeli</span> 
     </span>
     <span class='ocr_line' id='line_1_32' title="bbox 290 2215 2018 2284; baseline 0.001 -19"><span class='ocrx_word' id='word_1_233' title='bbox 290 2215 512 2280; x_wconf 87' lang='lat' dir='ltr'>ingentes</span> <span class='ocrx_word' id='word_1_234' title='bbox 545 2218 781 2268; x_wconf 90' lang='lat' dir='ltr'>fornices&#39;</span> <span class='ocrx_word' id='word_1_235' title='bbox 797 2238 811 2281; x_wconf 74' lang='lat'>5</span> <span class='ocrx_word' id='word_1_236' title='bbox 846 2220 1069 2284; x_wconf 90' lang='lat' dir='ltr'>quamvis</span> <span class='ocrx_word' id='word_1_237' title='bbox 1101 2221 1358 2284; x_wconf 91' lang='lat' dir='ltr'>sphaeram</span> <span class='ocrx_word' id='word_1_238' title='bbox 1390 2219 1442 2269; x_wconf 93' lang='lat' dir='ltr'>in</span> <span class='ocrx_word' id='word_1_239' title='bbox 1471 2236 1714 2280; x_wconf 89' lang='lat' dir='ltr'>scaenam,</span> <span class='ocrx_word' id='word_1_240' title='bbox 1742 2228 1796 2270; x_wconf 90' lang='lat' dir='ltr'>ut</span> <span class='ocrx_word' id='word_1_241' title='bbox 1827 2219 1944 2270; x_wconf 89' lang='lat' dir='ltr'>dici·</span> <span class='ocrx_word' id='word_1_242' title='bbox 1968 2235 2018 2278; x_wconf 80' lang='lat'>²5</span> 
     </span>
     <span class='ocr_line' id='line_1_33' title="bbox 291 2299 1945 2364; baseline 0.004 -19"><span class='ocrx_word' id='word_1_243' title='bbox 291 2305 384 2358; x_wconf 91' lang='lat' dir='ltr'>tur,</span> <span class='ocrx_word' id='word_1_244' title='bbox 419 2299 634 2348; x_wconf 88' lang='lat' dir='ltr'>attulerit</span> <span class='ocrx_word' id='word_1_245' title='bbox 668 2299 872 2359; x_wconf 78' lang='lat' dir='ltr'>Enniu5,</span> <span class='ocrx_word' id='word_1_246' title='bbox 912 2309 1078 2350; x_wconf 91' lang='lat' dir='ltr'>tamen</span> <span class='ocrx_word' id='word_1_247' title='bbox 1113 2300 1165 2350; x_wconf 92' lang='lat' dir='ltr'>in</span> <span class='ocrx_word' id='word_1_248' title='bbox 1201 2302 1406 2364; x_wconf 90' lang='lat' dir='ltr'>sphaera</span> <span class='ocrx_word' id='word_1_249' title='bbox 1440 2300 1638 2352; x_wconf 89' lang='lat' dir='ltr'>fornicis</span> <span class='ocrx_word' id='word_1_250' title='bbox 1674 2300 1945 2352; x_wconf 88' lang='lat' dir='ltr'>similitudo</span> 
     </span>
     <span class='ocr_line' id='line_1_34' title="bbox 289 2376 1957 2444; baseline 0.008 -18"><span class='ocrx_word' id='word_1_251' title='bbox 289 2376 452 2428; x_wconf 89' lang='lat' dir='ltr'>inesse</span> <span class='ocrx_word' id='word_1_252' title='bbox 475 2396 578 2430; x_wconf 90' lang='lat' dir='ltr'>non</span> <span class='ocrx_word' id='word_1_253' title='bbox 601 2388 775 2444; x_wconf 91' lang='lat' dir='ltr'>potest.</span> <span class='ocrx_word' id='word_1_254' title='bbox 1512 2428 1514 2430; x_wconf 92' lang='lat'>.</span> <span class='ocrx_word' id='word_1_255' title='bbox 1954 2383 1957 2387; x_wconf 64' lang='grc'><strong>’</strong></span> 
     </span>
     <span class='ocr_line' id='line_1_35' title="bbox 895 2449 1610 2511; baseline 0.007 -15"><span class='ocrx_word' id='word_1_256' title='bbox 895 2449 1032 2510; x_wconf 90' lang='lat' dir='ltr'>Vive,</span> <span class='ocrx_word' id='word_1_257' title='bbox 1073 2449 1275 2511; x_wconf 83' lang='lat' dir='ltr'>Ulixes;</span> <span class='ocrx_word' id='word_1_258' title='bbox 1310 2451 1432 2500; x_wconf 91' lang='lat' dir='ltr'>dum</span> <span class='ocrx_word' id='word_1_259' title='bbox 1467 2450 1610 2501; x_wconf 80' lang='lat' dir='ltr'>licet:</span> 
     </span>
     <span class='ocr_line' id='line_1_36' title="bbox 493 2528 1647 2596; baseline 0.001 -17"><span class='ocrx_word' id='word_1_260' title='bbox 493 2528 647 2579; x_wconf 90' lang='lat' dir='ltr'>oculis</span> <span class='ocrx_word' id='word_1_261' title='bbox 683 2538 987 2594; x_wconf 92' lang='lat' dir='ltr'>postremum</span> <span class='ocrx_word' id='word_1_262' title='bbox 1022 2532 1191 2580; x_wconf 89' lang='lat' dir='ltr'>lumen</span> <span class='ocrx_word' id='word_1_263' title='bbox 1226 2530 1468 2581; x_wconf 91' lang='lat' dir='ltr'>radiatum</span> <span class='ocrx_word' id='word_1_264' title='bbox 1502 2534 1647 2596; x_wconf 83' lang='lat' dir='ltr'>rape!</span> 
     </span>
    </p>
   </div>
   <div class='ocr_carea' id='block_1_11' title="bbox 284 2654 1960 3032">
    <p class='ocr_par' dir='ltr' id='par_1_11' title="bbox 284 2654 1960 3032">
     <span class='ocr_line' id='line_1_37' title="bbox 345 2654 1946 2711; baseline 0.002 -16"><span class='ocrx_word' id='word_1_265' title='bbox 345 2654 396 2695; x_wconf 94' lang='lat' dir='ltr'><em>M</em></span> <span class='ocrx_word' id='word_1_266' title='bbox 416 2674 451 2689; x_wconf 89' lang='lat'>=</span> <span class='ocrx_word' id='word_1_267' title='bbox 471 2656 608 2695; x_wconf 88' lang='lat' dir='ltr'>AEH</span> <span class='ocrx_word' id='word_1_268' title='bbox 716 2671 734 2696; x_wconf 95' lang='lat'>1</span> <span class='ocrx_word' id='word_1_269' title='bbox 764 2655 907 2708; x_wconf 87' lang='lat' dir='ltr'>Atque</span> <span class='ocrx_word' id='word_1_270' title='bbox 928 2657 1009 2698; x_wconf 92' lang='lat' dir='ltr'>hoc</span> <span class='ocrx_word' id='word_1_271' title='bbox 1028 2657 1065 2695; x_wconf 92' lang='lat' dir='ltr'><em>L</em></span> <span class='ocrx_word' id='word_1_272' title='bbox 1184 2671 1209 2696; x_wconf 88' lang='lat'><em>2</em></span> <span class='ocrx_word' id='word_1_273' title='bbox 1239 2658 1505 2698; x_wconf 83' lang='lat' dir='ltr'>delectantur</span> <span class='ocrx_word' id='word_1_274' title='bbox 1523 2657 1583 2697; x_wconf 73' lang='lat' dir='ltr'>Le</span> <span class='ocrx_word' id='word_1_275' title='bbox 1693 2670 1719 2711; x_wconf 84' lang='lat'><strong>4</strong></span> <span class='ocrx_word' id='word_1_276' title='bbox 1747 2670 1848 2710; x_wconf 85' lang='lat' dir='ltr'>spes</span> <span class='ocrx_word' id='word_1_277' title='bbox 1866 2657 1946 2710; x_wconf 79' lang='grc' dir='ltr'>Μγ</span> 
     </span>
     <span class='ocr_line' id='line_1_38' title="bbox 294 2707 1942 2765; baseline 0.002 -16"><span class='ocrx_word' id='word_1_278' title='bbox 294 2721 317 2759; x_wconf 92' lang='lat'><strong>7</strong></span> <span class='ocrx_word' id='word_1_279' title='bbox 346 2715 486 2749; x_wconf 89' lang='lat' dir='ltr'>tamen</span> <span class='ocrx_word' id='word_1_280' title='bbox 522 2710 667 2761; x_wconf 90' lang='lat' dir='ltr'>inopia</span> <span class='ocrx_word' id='word_1_281' title='bbox 694 2710 747 2749; x_wconf 93' lang='lat' dir='ltr'><em>M</em></span> <span class='ocrx_word' id='word_1_282' title='bbox 773 2761 775 2763; x_wconf 17' lang='grc' dir='ltr'><strong><em>ι</em></strong></span> <span class='ocrx_word' id='word_1_283' title='bbox 958 2725 986 2762; x_wconf 88' lang='grc'><strong>9</strong></span> <span class='ocrx_word' id='word_1_284' title='bbox 1014 2712 1225 2762; x_wconf 90' lang='lat' dir='ltr'>quoddam</span> <span class='ocrx_word' id='word_1_285' title='bbox 1250 2711 1287 2750; x_wconf 93' lang='lat' dir='ltr'><em>L</em></span> <span class='ocrx_word' id='word_1_286' title='bbox 1309 2713 1447 2764; x_wconf 68' lang='lat' dir='ltr'>vulg:</span> <span class='ocrx_word' id='word_1_287' title='bbox 1487 2712 1685 2763; x_wconf 88' lang='lat' dir='ltr'>quiddam</span> <span class='ocrx_word' id='word_1_288' title='bbox 1710 2707 1790 2764; x_wconf 77' lang='grc' dir='ltr'>Μγ</span> <span class='ocrx_word' id='word_1_289' title='bbox 1809 2711 1942 2765; x_wconf 84' lang='lat' dir='ltr'>Lagg.</span> 
     </span>
     <span class='ocr_line' id='line_1_39' title="bbox 284 2764 1942 2818; baseline 0.002 -16"><span class='ocrx_word' id='word_1_290' title='bbox 284 2764 395 2814; x_wconf 84' lang='lat' dir='ltr'>plur.</span> <span class='ocrx_word' id='word_1_291' title='bbox 509 2777 559 2804; x_wconf 90' lang='lat'>10</span> <span class='ocrx_word' id='word_1_292' title='bbox 587 2765 726 2816; x_wconf 87' lang='lat' dir='ltr'>posita</span> <span class='ocrx_word' id='word_1_293' title='bbox 746 2770 789 2804; x_wconf 90' lang='lat' dir='ltr'>et</span> <span class='ocrx_word' id='word_1_294' title='bbox 808 2764 867 2804; x_wconf 75' lang='lat' dir='ltr'>Le</span> <span class='ocrx_word' id='word_1_295' title='bbox 887 2780 896 2805; x_wconf 72' lang='grc' dir='ltr'>ε</span> <span class='ocrx_word' id='word_1_296' title='bbox 925 2767 1065 2817; x_wconf 75' lang='lat' dir='ltr'>positu</span> <span class='ocrx_word' id='word_1_297' title='bbox 1078 2772 1122 2805; x_wconf 87' lang='lat' dir='ltr'>et</span> <span class='ocrx_word' id='word_1_298' title='bbox 1141 2766 1193 2804; x_wconf 94' lang='lat' dir='ltr'><em>H</em></span> <span class='ocrx_word' id='word_1_299' title='bbox 1207 2781 1216 2805; x_wconf 77' lang='grc' dir='ltr'>ε</span> <span class='ocrx_word' id='word_1_300' title='bbox 1245 2766 1409 2817; x_wconf 89' lang='lat' dir='ltr'>positae</span> <span class='ocrx_word' id='word_1_301' title='bbox 1429 2765 1471 2804; x_wconf 87' lang='lat' dir='ltr'><em>A</em></span> <span class='ocrx_word' id='word_1_302' title='bbox 1487 2781 1502 2806; x_wconf 69' lang='lat'>-:</span> <span class='ocrx_word' id='word_1_303' title='bbox 1531 2766 1670 2818; x_wconf 82' lang='lat' dir='ltr'>posita</span> <span class='ocrx_word' id='word_1_304' title='bbox 1689 2779 1734 2805; x_wconf 88' lang='lat' dir='ltr'>m</span> <span class='ocrx_word' id='word_1_305' title='bbox 1809 2767 1942 2817; x_wconf 81' lang='lat' dir='ltr'>petita</span> 
     </span>
     <span class='ocr_line' id='line_1_40' title="bbox 291 2817 1944 2872; baseline 0.002 -16"><span class='ocrx_word' id='word_1_306' title='bbox 291 2817 405 2856; x_wconf 85' lang='lat' dir='ltr'>Bake</span> <span class='ocrx_word' id='word_1_307' title='bbox 543 2832 591 2858; x_wconf 85' lang='lat'>12</span> <span class='ocrx_word' id='word_1_308' title='bbox 620 2820 664 2858; x_wconf 89' lang='lat' dir='ltr'>in</span> <span class='ocrx_word' id='word_1_309' title='bbox 685 2833 767 2859; x_wconf 86' lang='lat' dir='ltr'>om.</span> <span class='ocrx_word' id='word_1_310' title='bbox 788 2818 826 2856; x_wconf 92' lang='lat' dir='ltr'><em>L</em></span> <span class='ocrx_word' id='word_1_311' title='bbox 979 2832 1027 2870; x_wconf 90' lang='lat'>15</span> <span class='ocrx_word' id='word_1_312' title='bbox 1056 2821 1325 2870; x_wconf 82' lang='lat' dir='ltr'>maximeque</span> <span class='ocrx_word' id='word_1_313' title='bbox 1345 2819 1455 2872; x_wconf 10' lang='lat' dir='ltr'>adbL</span> <span class='ocrx_word' id='word_1_314' title='bbox 1621 2832 1668 2870; x_wconf 92' lang='lat'>17</span> <span class='ocrx_word' id='word_1_315' title='bbox 1698 2820 1878 2860; x_wconf 87' lang='lat' dir='ltr'>dulcedo</span> <span class='ocrx_word' id='word_1_316' title='bbox 1899 2832 1944 2859; x_wconf 91' lang='lat' dir='ltr'>m</span> 
     </span>
     <span class='ocr_line' id='line_1_41' title="bbox 293 2871 1932 2926; baseline 0.002 -17"><span class='ocrx_word' id='word_1_317' title='bbox 293 2871 468 2911; x_wconf 88' lang='lat' dir='ltr'>rationis</span> <span class='ocrx_word' id='word_1_318' title='bbox 487 2871 541 2910; x_wconf 92' lang='lat' dir='ltr'><em>M</em></span> <span class='ocrx_word' id='word_1_319' title='bbox 698 2887 753 2912; x_wconf 88' lang='lat'>20</span> <span class='ocrx_word' id='word_1_320' title='bbox 782 2875 899 2913; x_wconf 87' lang='lat' dir='ltr'>cuius</span> <span class='ocrx_word' id='word_1_321' title='bbox 927 2872 965 2911; x_wconf 93' lang='lat' dir='ltr'><em>L</em></span> <span class='ocrx_word' id='word_1_322' title='bbox 986 2874 1098 2926; x_wconf 85' lang='lat' dir='ltr'><em>vulg.</em></span> <span class='ocrx_word' id='word_1_323' title='bbox 1122 2889 1132 2914; x_wconf 74' lang='grc' dir='ltr'><strong><em>ε</em></strong></span> <span class='ocrx_word' id='word_1_324' title='bbox 1159 2880 1284 2925; x_wconf 88' lang='lat' dir='ltr'>atque</span> <span class='ocrx_word' id='word_1_325' title='bbox 1303 2871 1427 2914; x_wconf 85' lang='lat' dir='ltr'>huius</span> <span class='ocrx_word' id='word_1_326' title='bbox 1447 2872 1499 2912; x_wconf 95' lang='lat' dir='ltr'><em>M</em></span> <span class='ocrx_word' id='word_1_327' title='bbox 1605 2887 1828 2925; x_wconf 85' lang='lat' dir='ltr'>possumus</span> <span class='ocrx_word' id='word_1_328' title='bbox 1840 2872 1932 2912; x_wconf 88' lang='lat' dir='ltr'>MP</span> 
     </span>
     <span class='ocr_line' id='line_1_42' title="bbox 293 2922 1960 2979; baseline 0.002 -16"><span class='ocrx_word' id='word_1_329' title='bbox 293 2938 340 2964; x_wconf 82' lang='lat'>21</span> <span class='ocrx_word' id='word_1_330' title='bbox 374 2926 501 2965; x_wconf 91' lang='lat' dir='ltr'>Unde</span> <span class='ocrx_word' id='word_1_331' title='bbox 521 2927 629 2978; x_wconf 82' lang='lat' dir='ltr'><em>vulg.</em></span> <span class='ocrx_word' id='word_1_332' title='bbox 650 2941 659 2967; x_wconf 90' lang='lat'>:</span> <span class='ocrx_word' id='word_1_333' title='bbox 689 2929 868 2967; x_wconf 87' lang='lat' dir='ltr'>eundem</span> <span class='ocrx_word' id='word_1_334' title='bbox 889 2927 942 2966; x_wconf 93' lang='lat' dir='ltr'><em>M</em></span> <span class='ocrx_word' id='word_1_335' title='bbox 1104 2934 1245 2978; x_wconf 88' lang='lat' dir='ltr'>potest</span> <span class='ocrx_word' id='word_1_336' title='bbox 1273 2941 1356 2968; x_wconf 86' lang='lat' dir='ltr'>om.</span> <span class='ocrx_word' id='word_1_337' title='bbox 1377 2922 1430 2966; x_wconf 89' lang='lat' dir='ltr'><em>M</em></span> <span class='ocrx_word' id='word_1_338' title='bbox 1608 2940 1661 2979; x_wconf 81' lang='lat'>23</span> <span class='ocrx_word' id='word_1_339' title='bbox 1688 2928 1851 2969; x_wconf 86' lang='lat' dir='ltr'>adferet</span> <span class='ocrx_word' id='word_1_340' title='bbox 1868 2924 1922 2967; x_wconf 92' lang='lat' dir='ltr'><em>H</em></span> <span class='ocrx_word' id='word_1_341' title='bbox 1934 2940 1960 2967; x_wconf 86' lang='lat'>:-</span> 
     </span>
     <span class='ocr_line' id='line_1_43' title="bbox 294 2980 1119 3032; baseline 0.002 -14"><span class='ocrx_word' id='word_1_342' title='bbox 294 2980 459 3019; x_wconf 87' lang='lat' dir='ltr'>adferre</span> <span class='ocrx_word' id='word_1_343' title='bbox 479 2981 591 3021; x_wconf 87' lang='lat' dir='ltr'>codd.</span> <span class='ocrx_word' id='word_1_344' title='bbox 757 2994 811 3031; x_wconf 88' lang='lat'>29</span> <span class='ocrx_word' id='word_1_345' title='bbox 839 2994 940 3032; x_wconf 89' lang='lat' dir='ltr'>rape</span> <span class='ocrx_word' id='word_1_346' title='bbox 959 2994 1045 3023; x_wconf 85' lang='lat' dir='ltr'>om.</span> <span class='ocrx_word' id='word_1_347' title='bbox 1066 2981 1119 3020; x_wconf 90' lang='lat' dir='ltr'><em>M</em></span> 
     </span>
    </p>
   </div>
  </div>
 </body>
</html>
