2150 3444
99 154 162 204 52
185 162 267 192 210

191 299 264 328 211

209 1053 309 1102 53.

749 145 818 192 Μ.
858 144 1069 191 TVLLI
1108 142 1489 193 CICERONIS

292 277 444 347 [esse]
470 280 702 331 videatur.
779 283 886 330 Iam
912 280 1246 330 misericordia
1271 289 1508 342 movetur,
1535 281 1575 330 si
1600 281 1654 343 is,
1681 282 1767 347 qui
1789 281 1944 344 audit,

290 361 472 412 adduci
491 370 653 426 potest
678 370 731 411 ut
755 361 850 423 illa,
878 379 1006 425 quae
1030 364 1094 412 de
1118 363 1272 411 altero
1296 363 1625 426 deplorentur,
1646 365 1710 414 ad
1734 380 1847 413 suas
1870 380 1948 413 res

291 450 499 502 revocet,
521 458 643 506 quas
661 450 745 491 aut
769 441 932 491 tulerit
955 443 1156 491 acerbas
1181 451 1265 491 aut
1290 442 1472 503 timeat,
1500 452 1554 492 ut
1577 442 1773 493 intuens
1796 444 1947 493 alium

292 523 463 572 crebro
487 525 551 573 ad
581 540 633 573 se
657 523 819 587 ipsum
843 533 1137 585 revertatur3
1185 532 1233 573 et
1269 541 1383 573 cum
1413 523 1590 587 singuli
1615 541 1755 575 casus
1778 527 1949 575 huma-

293 620 465 652 narum
490 603 792 653 miseriarum
816 603 1023 667 graviter
1045 603 1366 667 accipiuntur,
1389 603 1429 653 si
1454 604 1684 654 dicuntur
1707 606 1945 668 dolenter,
1970 621 1994 663 5

293 693 398 734 tum
422 684 620 735 adflicta
644 694 692 734 et
716 694 955 749 prostrata
978 685 1128 735 virtus
1153 685 1365 735 maxime
1389 687 1613 735 luctuosa
1637 694 1722 735 est.

361 768 426 815 Et
450 775 504 815 ut
536 765 618 815 illa
645 768 796 815 altera
826 783 937 830 pars
970 761 1217 826 orationis,
1247 783 1375 830 quae
1411 766 1668 830 probitatis
1700 783 1951 817 commen-

293 847 493 897 datione
529 847 649 897 boni
684 847 772 895 viri
808 848 958 896 debet
994 847 1210 911 speciem
1247 847 1383 907 tueri,
1415 848 1552 907 lenis,
1580 857 1635 897 ut
1670 865 1817 913 saepe
1851 847 1950 897 iam

295 928 408 988 dixi,
441 937 589 992 atque
626 927 898 987 summissa,
932 928 1002 977 sic
1037 930 1172 988 haee,
1206 945 1334 992 quae
1369 929 1630 993 suscipitur
1663 930 1727 979 ab
1759 938 1952 980 oratore

296 1012 361 1060 ad
399 1011 779 1059 commutandos
820 1008 1013 1058 animos
1053 1018 1203 1073 atque
1244 1010 1381 1059 omni
1427 1010 1616 1060 ratione
1661 1012 1947 1072 flectendOS‚

194 1129 269 1157 212
297 1099 485 1140 intenta
515 1106 574 1139 ac
602 1091 868 1139 vehemens
898 1106 1006 1139 esse
1041 1091 1204 1139 debet.
1271 1092 1370 1140 Sed
1399 1099 1473 1140 est
1508 1093 1752 1155 quaedam
1787 1092 1841 1141 in
1874 1091 1952 1142 his

198 1839 274 1878 213

296 1174 492 1223 duobus
516 1171 790 1236 generibuS,
819 1188 1030 1235 quorum
1059 1173 1267 1221 alterum
1300 1173 1425 1232 lene,
1453 1174 1660 1222 alterum
1684 1174 1952 1223 vehemens

295 1270 402 1304 esse
436 1254 678 1313 volumuS,
715 1252 925 1302 difficilis
960 1254 1025 1302 ad
1062 1252 1467 1317 distinguendum
1500 1253 1770 1304 similitudo
1785 1272 1800 1316 3
1834 1270 1952 1303 nam

295 1343 344 1385 et
369 1351 428 1384 ex
451 1334 535 1383 illa
557 1333 771 1393 lenitate,
803 1349 900 1397 qua
925 1332 1246 1382 conciliamur
1270 1333 1353 1393 eis,
1377 1333 1463 1398 qui
1486 1333 1707 1394 audiunt,
1734 1336 1799 1385 ad
1823 1335 1953 1384 hanc

294 1415 394 1466 vim
426 1414 726 1474 acerrimam,
754 1430 853 1477 qua
885 1415 1089 1463 eosdem
1127 1413 1410 1474 excitamuS,
1439 1413 1611 1464 influat
1642 1423 1836 1479 oportet
1871 1414 1954 1464 ali-

295 1495 429 1560 quid,
458 1504 507 1545 et
539 1511 598 1544 ex
629 1496 722 1543 hac
746 1493 794 1543 vi
827 1510 931 1543 non
963 1509 1238 1557 numquam
1270 1493 1423 1543 animi
1455 1494 1643 1558 aliquid
1678 1494 1952 1545 inflandum

296 1585 370 1628 est
394 1576 462 1624 illi
486 1574 674 1625 lenitati
690 1593 703 1636 3
740 1591 902 1639 neque
927 1583 1001 1625 est
1025 1576 1126 1624 ulla
1154 1575 1469 1640 temperatior
1493 1575 1649 1625 oratio
1673 1592 1822 1640 quam
1854 1576 1951 1637 illa,

296 1658 348 1711 in
373 1674 470 1722 qua
494 1656 727 1721 asperitas
752 1655 1084 1706 contentionis
1104 1656 1308 1707 oratoris
1333 1656 1485 1721 ipsius
1510 1656 1817 1708 humanitate
1840 1673 1955 1707 con-

297 1739 439 1799 ditur,
467 1737 690 1787 remissio
722 1746 888 1788 autem
921 1737 1134 1787 lenitatis
1165 1740 1381 1802 quadam
1414 1738 1649 1803 gravitate
1674 1747 1723 1789 et
1754 1748 1954 1789 conten-

298 1820 432 1870 tione
457 1821 686 1868 firmatur.
763 1821 825 1867 In
849 1827 1058 1883 utroque
1082 1828 1247 1868 autem
1279 1836 1456 1883 genere
1481 1819 1680 1870 dicendi
1705 1829 1754 1870 et
1777 1820 1875 1881 illo,
1901 1820 1954 1869 in

298 1918 398 1965 quo
422 1900 494 1949 vis
518 1909 667 1963 atque
696 1900 950 1950 contentio
975 1900 1233 1964 quaeritur,
1262 1910 1310 1950 et
1345 1903 1454 1960 hoe,
1483 1903 1619 1965 quod
1643 1903 1708 1951 ad
1730 1901 1881 1951 vitam
1905 1910 1956 1951 et

298 1997 459 2031 mores
477 1981 892 2041 accommodatur,
913 1989 961 2030 et
985 1979 1224 2045 principia
1248 1982 1386 2030 tarda
1407 1979 1561 2048 [sunt]
1582 1990 1631 2032 et
1655 1980 1811 2031 exitus
1835 1982 1954 2031 item

1977 1033 2025 1062 10

1980 1842 2029 1873 20'

298 2062 440 2126 spissi
481 2070 530 2111 et
570 2061 797 2125 producti
837 2078 943 2111 esse
985 2062 1184 2112 debent.
1258 2064 1391 2112 Nam
1427 2078 1590 2125 neque
1624 2061 1955 2113 adsiliendum
2027 2094 2030 2098 »

299 2135 462 2192 statim
488 2144 642 2192 estad
657 2158 811 2205 genus
832 2142 955 2192 illud
972 2142 1206 2192 orationis
1223 2161 1236 2204 3
1271 2143 1412 2192 abest
1431 2142 1564 2192 enim
1582 2151 1741 2192 totum
1761 2160 1791 2192 a
1808 2160 1957 2193 causa

299 2232 347 2273 et
371 2222 598 2273 homines
622 2222 756 2286 prius
781 2222 943 2287 ipsum
968 2223 1103 2283 illud,
1140 2225 1276 2287 quod
1308 2223 1560 2288 proprium
1593 2223 1668 2272 sui
1690 2223 1842 2273 iudici
1865 2232 1952 2284 est,

300 2304 469 2354 audire
498 2304 810 2365 desiderant3
845 2321 940 2355 nec
964 2321 1079 2354 cum
1104 2304 1156 2353 in
1188 2321 1298 2355 eam
1330 2304 1570 2354 rationem
1602 2304 1846 2368 ingressus
1875 2305 1954 2366 siS,

203 2407 280 2448 214
302 2385 521 2435 celeriter
561 2384 922 2435 discedendum
960 2393 1034 2434 est
1050 2402 1063 2446 3
1113 2401 1216 2434 non
1252 2384 1398 2445 enim,
1440 2384 1564 2434 sicut
1598 2394 1955 2449 argumentum,

303 2466 448 2516 simul
485 2475 634 2530 atque
671 2465 888 2531 positum
933 2474 1020 2526 est,
1058 2465 1297 2530 adripitur
1336 2468 1644 2529 alterumque
1678 2474 1727 2515 et
1761 2465 1958 2515 tertium

357 2589 410 2628 M
427 2610 461 2625 =
482 2591 619 2632 AEH
746 2606 765 2632 1
796 2606 894 2634 esse
908 2606 992 2633 om.
1014 2590 1068 2630 M
1182 2593 1264 2633 iam
1284 2591 1322 2631 L
1340 2606 1350 2631 ε
1378 2606 1403 2632 a
1422 2591 1476 2631 M
1489 2607 1498 2632 ε
1526 2597 1571 2632 at
1589 2592 1826 2632 Lambinus
1903 2619 1910 2628 -.
1932 2606 1958 2642 4

304 2646 363 2684 ita
382 2658 474 2685 cum
504 2646 540 2685 L
651 2660 774 2687 casus
794 2649 1072 2689 humanarum
1092 2645 1164 2686 M:
1196 2659 1336 2686 rerum
1357 2647 1469 2686 hum.
1491 2659 1533 2687 e:
1562 2647 1675 2687 hum.
1698 2646 1960 2686 miseriarum

305 2699 342 2737 L
356 2700 467 2750 vulg.
580 2714 603 2750 7
624 2706 665 2740 et
682 2708 726 2741 ut
747 2701 819 2741 illa
837 2702 875 2742 L
894 2702 1005 2753 vulg.
1024 2715 1033 2740 τ
1064 2706 1109 2740 ut
1124 2700 1260 2740 illaM
1355 2700 1732 2740 commendationis
1750 2699 1802 2738 M
1909 2712 1959 2739 12

307 2753 484 2792 alterum
505 2754 603 2794 lene
621 2768 703 2796 om.
724 2755 778 2793 M
896 2756 947 2795 16
974 2761 1017 2795 et
1037 2766 1093 2794 ex
1111 2755 1189 2794 hac
1209 2753 1247 2792 L
1267 2755 1376 2806 vulg.
1397 2769 1407 2793 t
1451 2768 1506 2794 ex
1538 2755 1618 2793 hac
1637 2752 1690 2792 M
1811 2754 1959 2792 inflan-

308 2807 407 2845 dum
430 2807 698 2848 Gulielmius:
735 2810 1035 2849 inssaffiandum
1066 2808 1138 2850 M:
1173 2809 1431 2848 inssuendum
1452 2807 1489 2846 L
1641 2821 1690 2857 17
1720 2808 1855 2847 oratio
1872 2819 1957 2847 om.

307 2859 360 2897 M
468 2865 517 2901 18
545 2863 750 2903 orationis
769 2862 823 2900 M
937 2876 991 2902 20
1020 2863 1067 2902 In
1088 2877 1170 2903 om.
1194 2861 1247 2901 M
1370 2876 1422 2902 22
1452 2867 1629 2901 mortem
1661 2860 1734 2900 M:
1764 2873 1922 2900 morem
1940 2873 1961 2900 e

308 2920 407 2953 sunt
435 2915 508 2955 del.
528 2915 675 2956 Pearce
836 2917 937 2956 item
952 2917 1210 2957 Lambinus:
1241 2923 1382 2956 tamen
1402 2915 1558 2955 AmL:
1589 2928 1670 2955 om.
1692 2915 1803 2954 HE:
1833 2915 1960 2953 etiam

308 2966 483 3020 Madvig
644 2983 696 3019 23
724 2972 777 3009 ad
799 2970 1009 3010 silendum
1028 2970 1081 3008 M
1185 2982 1237 3020 25
1266 2975 1332 3009 est
1353 2970 1500 3009 audire
1520 2967 1583 3007 L:
1615 2974 1658 3008 et
1677 2968 1813 3008 audiri
1831 2966 1886 3006 M
1955 2996 1961 3001 .
