2150 3444
151 165 313 217 49188

790 154 861 201 M.
900 152 1112 200 TVLLI
1149 149 1534 200 CICERONIS
1606 142 1613 149 ’

335 294 504 340 amur.’
575 292 706 339 Tum
733 290 937 339 Catulus
966 288 1151 347 ‘erras,'
1175 285 1334 349 inquit
1362 286 1578 345 ‘Crasse‚
1606 283 1646 333 si
1677 293 1875 353 aut'me
1904 292 1990 334 aut

336 372 514 420 horum
560 386 862 435 quemquam
914 377 1056 433 putas
1106 384 1137 416 a
1181 375 1230 416 te
1276 367 1400 416 haec
1453 382 1603 430 opera
1647 365 1895 416 cotidiana
1940 374 1990 415 et

336 461 595 516 pervagata
619 460 912 516 exspectare.
988 452 1102 508 Ista,
1121 464 1248 512 quae
1272 446 1411 507 dicis,
1431 446 1531 496 dici
1546 448 1803 508 volumus;
1826 463 1990 511 neque

336 542 437 582 tam
478 532 577 583 dici
623 550 772 597 quam
819 532 914 581 isto
955 530 1053 580 dici
1094 531 1246 580 modo
1263 547 1278 590 3
1325 545 1488 591 neque
1525 527 1615 577 tibi
1652 530 1748 578 hoc
1784 545 1874 592 pro
1909 545 1989 578 me

337 616 511 674 solum,
533 614 620 662 sed
645 629 734 676 pro
758 611 834 661 his
853 610 1083 661 omnibus
1108 610 1214 659 sine
1237 611 1336 658 ulla
1354 607 1663 658 dubitatione
1681 609 1989 672 respondeo!

238 701 314 753 189
339 699 351 721 ‘
369 698 476 758 Ego
500 696 640 744 vero'
665 693 824 757 inquit
847 691 1095 742 Antonius
1123 690 1314 740 ‘inveni
1349 690 1460 750 iam,
1489 706 1638 754 quem
1674 705 1903 753 negaram
1938 687 1990 738 in

237 1035 312 1077 190

233 1847 308 1890 191

335 791 410 834 eo,
438 791 587 837 quem
613 773 795 836 scripsi,
823 773 991 823 libello
1015 789 1096 821 me
1127 770 1372 820 invenisse
1396 772 1724 834 eloquentem.
1797 770 1896 819 Sed
1928 786 1990 819 eo

335 862 383 902 te
419 871 482 903 ne
517 853 752 903 laudandi
788 852 989 916 quidem
1019 868 1167 901 causa
1200 850 1517 914 interpellavi,
1544 867 1608 899 ne
1636 849 1758 914 quid
1792 851 1856 900 de
1892 850 1989 900 hoc

335 943 435 983 tam
460 933 635 997 exiguo
660 932 897 983 sermonis
923 932 993 981 tui
1018 941 1239 994 tempore
1257 932 1408 980 verbo
1427 947 1528 980 uno
1553 947 1666 980 meo
1684 929 1989 980 deminuere-

334 1017 440 1063 tur.'
514 1016 692 1062 ‘Hanc
733 1012 901 1076 igitur'
939 1014 1144 1062 Crassus
1185 1011 1345 1075 inquit
1374 1013 1465 1060 ‘ad
1509 1013 1669 1074 legem
1707 1027 1822 1060 cum
1859 1027 1990 1060 exer-

332 1094 566 1145 citatione
590 1104 695 1143 tum
715 1094 838 1153 stilo,
867 1093 951 1157 qui
977 1102 1025 1142 et
1047 1092 1143 1142 alia
1167 1102 1215 1142 et
1239 1094 1336 1141 hoc
1360 1091 1571 1140 maxime
1595 1100 1736 1140 ornat
1759 1108 1818 1140 ac
1834 1091 1986 1150 limat,

333 1177 591 1225 formanda
618 1174 763 1224 nobis
788 1174 944 1224 oratio
976 1183 1061 1223 est.
1136 1175 1314 1238 Neque
1339 1181 1506 1222 tamen
1530 1173 1627 1221 hoc
1651 1170 1773 1220 tanti
1808 1170 1988 1220 laboris

332 1266 419 1318 est,
447 1256 619 1320 quanti
650 1255 854 1315 videtur,
883 1271 976 1304 nec
1008 1263 1122 1303 sunt
1157 1256 1279 1303 haec
1312 1252 1699 1317 rhythmicorum
1730 1260 1816 1302 aut
1844 1251 1990 1301 musi-

331 1354 503 1387 corum
549 1336 785 1387 acerrima
830 1352 1004 1385 norma
1049 1333 1305 1399 dirigenda
1319 1352 1333 1395 3
1391 1333 1706 1384 efficiendum
1746 1341 1820 1382 est
1865 1332 1988 1383 illud

332 1419 485 1467 modo
520 1417 677 1477 nobis,
706 1434 769 1466 ne
793 1418 912 1466 fluat
936 1415 1104 1476 oratio,
1132 1431 1196 1464 ne
1228 1423 1441 1478 vagetur,
1467 1430 1531 1463 ne
1555 1412 1746 1463 insistat
1769 1412 1984 1474 interius,

331 1516 395 1548 ne
420 1507 638 1548 excurrat
657 1497 862 1561 longiuS‚
884 1506 938 1546 ut
963 1496 1196 1546 membris
1212 1495 1549 1560 distinguatur,
1570 1503 1626 1544 ut
1642 1493 1988 1546 conversiones

2012 624 2036 666 5

2015 1032 2063 1059 10

2013 1435 2061 1476 ¹5

331 1581 511 1630 habeat
533 1580 796 1629 absolutas.
870 1581 1050 1642 Neque
1073 1594 1267 1642 semper
1290 1579 1532 1627 utendum
1557 1585 1631 1627 est
1662 1575 1989 1641 perpetuitate
2023 1577 2025 1579 ’

332 1670 381 1710 et
415 1659 555 1724 quasi
590 1659 913 1710 conversione
944 1659 1219 1719 verborum,
1248 1660 1336 1708 sed
1372 1675 1519 1723 saepe
1555 1658 1802 1722 carpenda
1837 1673 1989 1707 mem-

334 1741 431 1790 bris
456 1740 801 1791 minutioribus
834 1740 990 1790 oratio
1023 1749 1109 1800 est,
1145 1756 1273 1804 quae
1305 1749 1472 1789 tamen
1496 1739 1603 1803 ipsa
1626 1739 1849 1788 membra
1873 1747 1988 1788 sunt

334 1822 549 1872 numeris
580 1821 854 1871 vincienda.
928 1823 1107 1885 Neque
1135 1838 1222 1871 vos
1255 1837 1413 1885 paean
1436 1829 1521 1870 aut
1545 1822 1724 1870 herous
1755 1818 1837 1869 ille
1873 1836 1990 1870 con-

332 1905 524 1953 turbet:
560 1902 653 1967 ipsi
686 1910 943 1952 occurrent
978 1901 1218 1962 orationi3
1253 1901 1359 1965 ipsi,
1386 1901 1603 1964 inquam,
1630 1917 1683 1951 se
1708 1902 1915 1966 offerent
1938 1909 1987 1951 et

331 1984 704 2048 respondebunt
764 1999 866 2032 non
926 1982 1100 2031 vocati.
1195 1983 1522 2032 Consuetudo
1576 1983 1731 2031 modo
1790 1981 1873 2031 illa
1925 1980 1987 2030 sit

331 2064 579 2115 scribendi
629 2073 779 2127 atque
834 2062 1048 2123 dicendi,
1097 2071 1151 2112 ut
1203 2062 1475 2112 sententiae
1531 2061 1693 2112 verbis
1754 2061 1988 2111 finiantur

331 2162 602 2210 eorumque
647 2137 909 2195 verborum
951 2143 1139 2194 iunctio
1171 2153 1398 2193 nascatur
1428 2144 1493 2192 ab
1525 2142 1740 2206 proceris
1769 2142 1986 2193 numeris

329 2244 388 2276 ac
412 2226 590 2287 liberiS‚
617 2226 829 2276 maxime
853 2227 1005 2275 heroo
1028 2234 1113 2274 aut
1136 2241 1325 2288 paeane
1357 2223 1517 2289 priore
1548 2233 1634 2273 aut
1669 2223 1865 2284 cretico,
1896 2224 1986 2274 sed

329 2307 458 2356 varie
490 2306 820 2370 distincteque
852 2305 1092 2356 considat.
1166 2306 1380 2355 Notatur
1414 2303 1548 2353 enim
1580 2303 1792 2354 maxime
1823 2303 1987 2354 simili-

328 2390 450 2438 tudo
475 2387 526 2437 in
551 2388 967 2452 conquiescendo.
1043 2390 1120 2448 Et,
1143 2386 1184 2436 si
1208 2385 1353 2451 primi
1377 2394 1426 2436 et
1444 2385 1680 2450 postremi
1700 2383 1812 2453 [illi]
1832 2386 1985 2449 pedes

383 2516 436 2556 M
453 2537 488 2551 =
509 2516 647 2557 ΑΕΗ
809 2531 827 2557 1
860 2530 928 2557 me
956 2522 1029 2558 aut
1052 2530 1134 2557 om.
1164 2516 1218 2556 M
1395 2529 1421 2565 3
1450 2516 1519 2556 isti
1547 2514 1600 2554 M
1704 2515 1808 2557 dicis
1827 2529 1910 2557 om.
1936 2516 1987 2556 M

328 2574 356 2610 6
388 2572 468 2611 iam
497 2572 574 2612 M:
611 2573 783 2612 tandem
812 2571 850 2609 L
879 2571 990 2623 vulg.
1176 2584 1199 2620 7
1234 2582 1287 2610 eo
1318 2583 1413 2610 cum
1441 2571 1558 2609 hiatu
1587 2583 1613 2609 v
1639 2569 1711 2611 litt.
1734 2570 1777 2609 A
1956 2584 1985 2620 9

329 2632 480 2666 tenore
501 2625 555 2664 M
737 2640 786 2665 10
814 2626 993 2666 Crassus
1014 2625 1150 2675 inquit
1169 2639 1251 2665 om.
1276 2623 1330 2663 M
1532 2637 1558 2663 a
1584 2624 1680 2673 lege
1699 2623 1754 2663 M
1934 2637 1984 2663 12

328 2681 453 2720 nobis
471 2679 574 2719 Elm
594 2694 604 2719 ε
632 2681 755 2720 vobis
775 2680 886 2720 codd.
997 2680 1041 2719 in
1062 2681 1142 2719 hoc
1162 2678 1217 2717 M
1367 2690 1416 2727 13
1444 2683 1647 2727 quantum
1665 2676 1704 2716 L
1814 2683 1888 2718 aut
1907 2677 1984 2716 M:

328 2748 377 2774 ac
396 2734 433 2772 L
454 2734 563 2786 vulg.
823 2747 871 2784 14
901 2733 1162 2773 efficiendast
1181 2732 1272 2772 HA
1296 2731 1391 2784 (·da
1420 2739 1486 2771 est
1513 2730 1593 2781 E):
1643 2737 1687 2772 et
1714 2732 1981 2772 efficiendum

329 2794 395 2828 est
421 2787 458 2826 L
628 2801 677 2838 15
707 2788 886 2828 interius
904 2787 1016 2828 codd.
1037 2801 1046 2828 :
1078 2787 1258 2827 celerius
1279 2786 1430 2825 maluit
1445 2785 1557 2825 Reid
1717 2788 1766 2826 18
1793 2791 1837 2826 et
1861 2785 1983 2836 quasi

328 2842 438 2893 vulg.
454 2857 463 2881 :
483 2847 526 2881 et
537 2855 644 2892 quos
660 2843 723 2894 (iv
735 2842 807 2882 litt.
823 2842 903 2894 sp.)
919 2847 963 2881 et
975 2840 1028 2879 M
1095 2841 1370 2881 contextione
1383 2838 1696 2892 maluitStangl
1774 2840 1984 2890 carpenda

328 2897 437 2947 vulg.
459 2910 469 2934 ι
497 2897 703 2945 capienda
721 2896 831 2936 codd.
944 2896 1143 2935 membris
1157 2895 1294 2946 vulg.:
1323 2893 1529 2934 verbisM
1632 2907 1686 2944 24
1713 2908 1739 2934 a
1755 2906 1818 2945 pr.
1841 2893 1949 2945 vulg.
1971 2907 1981 2931 :

328 2950 381 2989 ab
399 2949 598 2990 Friedrich
760 2962 811 2998 27
840 2949 881 2988 in
902 2962 987 2990 om.
1007 2949 1045 2987 L
1209 2949 1268 2988 illi
1287 2961 1370 2988 om.
1391 2946 1445 2987 M

2013 1842 2062 1870 20

2011 2243 2059 2283 25
