2150 3444
139 1022 211 1063 291

152 1260 214 1310 72

699 140 769 187 M.
809 139 1020 187 TVLLI
1058 138 1441 189 CICERONIS

242 277 444 338 Antoni,
472 276 557 341 qui
582 278 678 327 hoc
711 276 992 326 deversorio
1025 275 1263 326 sermonis
1289 275 1387 325 mei
1418 275 1627 326 libenter
1648 277 1897 342 acquietu-
1921 288 1923 290 ’

242 375 349 407 rum
374 367 422 408 te
446 375 552 408 esse
585 358 761 419 dixisti,
790 367 1043 420 tamquam
1075 357 1126 406 in
1157 356 1477 421 Pomptinum
1513 359 1789 421 deverteris,
1815 376 1897 409 ne-

241 455 339 503 que
370 456 637 489 amoenum
673 455 836 502 neque
869 438 1114 487 salubrem
1150 440 1330 498 locum,
1358 454 1551 499 censeo,
1579 447 1634 487 ut
1662 439 1778 489 satis
1809 439 1896 490 diu

241 528 290 568 te
314 529 456 584 putes
480 519 728 583 requiesse
753 528 801 568 et
825 519 914 567 iter
938 519 1181 582 reliquum
1206 520 1449 568 conficere
1473 521 1674 583 pergas.’

312 604 324 627 ‘
343 603 451 664 Ego
475 617 604 661 vero,
631 609 780 664 atque
805 600 958 648 hilare
991 599 1195 663 quidem
1219 616 1249 648 a
1273 608 1321 648 te
1345 601 1608 663 acceptus‚'
1632 598 1792 663 inquit
1819 604 1831 627 ‘
1846 608 1896 649 et
1919 616 1943 657 5

240 697 356 730 cum
396 681 588 730 doctior
629 698 716 744 per
753 690 815 740 te,
859 689 964 729 tum
1013 681 1160 730 etiam
1207 679 1442 729 audacior
1488 681 1644 729 factus
1691 679 1817 728 iam*
1829 682 1895 730 ad

240 761 513 812 iocandum
532 780 545 822 3
595 778 697 810 non
748 761 880 810 enim
916 778 1085 810 vereor
1120 778 1183 810 ne
1219 761 1328 825 quis
1370 778 1450 810 me
1491 760 1543 809 in
1590 760 1684 809 isto
1718 777 1896 824 genere

240 842 473 891 leviorem
510 842 607 890 iam
654 851 808 905 putet,
853 842 1089 905 quoniam
1137 842 1339 906 quidem
1387 851 1440 890 tu
1489 841 1738 891 Fabricios
1773 840 1896 890 mihi

240 931 466 971 auctores
502 931 551 971 et
586 922 860 982 AfricanOS,
906 922 1168 982 MaximOS,
1209 924 1439 982 CatoneS,
1478 922 1696 986 Lepidos
1733 931 1896 986 protu-

240 1002 352 1051 listi.
427 1003 526 1051 Sed
551 1002 742 1050 habetis
768 1019 839 1062 ea,
868 1019 995 1066 quae
1019 1002 1166 1051 vultis
1199 1019 1258 1051 ex
1292 1019 1373 1051 me
1405 1003 1590 1063 audire,
1618 1004 1682 1053 de
1714 1003 1894 1067 quibus
1919 1021 1970 1050 10

240 1082 444 1146 quidem
490 1082 765 1131 accuratius
814 1083 1085 1132 dicendum
1132 1092 1181 1132 et
1228 1083 1548 1147 cogitandum
1595 1083 1720 1145 fuit3
1776 1100 1894 1133 nam

238 1172 400 1213 cetera
435 1163 652 1212 faciliora
688 1171 802 1212 sunt
837 1172 985 1227 atque
1022 1180 1081 1212 ex
1116 1163 1199 1223 eis,
1227 1179 1355 1227 quae
1390 1163 1523 1213 dicta
1554 1172 1682 1224 sunt,
1708 1164 1896 1228 reliqua

237 1253 505 1294 nascuntur
530 1244 712 1293 omnia.
786 1247 894 1308 Ego
919 1244 1053 1293 enim
1086 1261 1199 1294 cum
1236 1246 1301 1294 ad
1338 1261 1536 1294 causam
1571 1261 1680 1294 sum
1704 1246 1896 1309 adgres-

238 1343 319 1375 sus
343 1334 492 1390 atque
517 1326 684 1375 omnia
717 1325 997 1389 cogitandO,
1026 1327 1193 1389 quoad
1222 1327 1383 1375 facere
1411 1325 1564 1390 potui,
1591 1334 1890 1390 persecutuS,

237 1423 351 1455 cum
376 1415 425 1455 et
448 1416 735 1470 argumenta
759 1424 936 1456 causae
955 1416 1003 1456 et
1022 1423 1107 1456 eos
1131 1408 1281 1467 locos,
1301 1407 1481 1470 quibus
1499 1406 1652 1455 animi
1670 1406 1890 1456 iudicum
1916 1425 1936 1475 ¹.
1941 1426 1965 1468 5

170 1492 173 1495 '
237 1487 574 1547 conciliantur,
618 1496 666 1537 et
708 1487 831 1547 illos,
873 1487 1052 1551 quibus
1089 1495 1448 1551 permoventur,
1493 1486 1595 1536 vidi
1628 1496 1779 1551 atque
1812 1503 1892 1536 co-

133 1832 210 1872 292

130 2550 208 2592 293

236 1567 396 1631 gnovi,
426 1577 531 1617 tum
556 1568 805 1618 constituo
834 1568 955 1632 quid
981 1569 1161 1617 habeat
1186 1585 1334 1618 causa
1357 1585 1584 1632 quaeque
1608 1567 1741 1628 boni,
1769 1567 1891 1632 quid

237 1648 353 1697 mali
374 1667 388 1710 3
423 1651 557 1698 nulla
581 1649 715 1699 enim
740 1652 840 1699 fere
868 1658 1032 1713 potest
1065 1666 1140 1698 res
1169 1649 1221 1698 in
1254 1649 1455 1699 dicendi
1479 1648 1894 1712 disceptationem-

236 1738 321 1778 aut
357 1730 737 1780 controversiam
762 1730 939 1790 vocari,
967 1747 1094 1794 quae
1130 1747 1232 1779 non
1268 1731 1449 1779 habeat
1480 1738 1757 1793 utrumque,
1784 1730 1888 1790 sed,

237 1819 479 1873 quantum
515 1811 709 1871 habeat,
736 1811 789 1860 id
824 1813 1002 1871 refert3
1038 1828 1149 1859 mea
1182 1820 1349 1860 autem
1379 1810 1502 1860 ratio
1537 1813 1660 1860 haec
1695 1827 1802 1860 esse
1836 1810 1888 1859 in
1913 1830 1966 1859 20

236 1889 452 1940 dicendo
476 1893 613 1951 solet,
636 1900 703 1951 ut,
725 1891 844 1940 boni
864 1893 1000 1955 quod
1019 1892 1248 1952 habeam,
1267 1891 1319 1941 id
1337 1893 1618 1954 amplectar,
1639 1908 1886 1951 exornem,

236 1987 536 2034 exaggerem,
563 1971 632 2020 ibi
658 1988 943 2032 commorer,
964 1972 1034 2021 ibi
1057 1971 1291 2032 habitem,
1318 1971 1389 2021 ibi
1411 1973 1639 2021 haeream
1656 1990 1671 2032 3
1701 1988 1731 2021 a
1755 1973 1888 2020 malo

235 2059 402 2099 autem
437 2050 656 2115 vitioque
692 2068 870 2101 causae
905 2052 973 2101 ita
1010 2054 1253 2112 recedam,
1292 2068 1393 2100 non
1425 2061 1480 2101 ut
1517 2069 1601 2101 me
1632 2051 1684 2102 id
1718 2053 1887 2115 fugere

235 2139 480 2194 appareat,
508 2133 596 2181 sed
631 2140 686 2181 ut
721 2141 881 2181 totum
917 2133 1053 2181 bono
1086 2132 1171 2181 illo
1203 2134 1428 2181 ornando
1460 2141 1508 2181 et
1539 2134 1768 2196 augendo
1792 2133 1888 2182 dis-

237 2211 521 2261 simulatum
546 2213 810 2274 obruatur3
845 2222 907 2273 et,
936 2213 975 2262 si
1000 2230 1148 2262 causa
1183 2221 1256 2262 est
1291 2212 1343 2261 in
1377 2213 1690 2276 argumentis,
1717 2212 1886 2262 firmis·
1909 2230 1960 2271 25

236 2292 360 2342 sima
392 2309 618 2356 quaeque
654 2293 866 2342 maxime
901 2303 1053 2354 tueor,
1087 2294 1187 2342 sive
1223 2295 1362 2356 plura
1397 2301 1512 2342 sunt
1546 2293 1648 2342 sive
1682 2293 1886 2356 aliquod

235 2389 389 2422 unum
409 2391 423 2434 3
460 2372 534 2422 sin
560 2382 726 2422 autern
750 2374 802 2423 in
829 2373 1174 2423 conciliatione
1199 2381 1283 2422 aut
1318 2372 1370 2421 in
1406 2373 1714 2436 permotione
1738 2389 1887 2423 causa

234 2462 319 2513 est,
348 2455 412 2502 ad
438 2470 548 2503 eam
582 2471 662 2504 me
698 2454 1009 2518 potissimum
1046 2463 1249 2518 partem,
1277 2470 1405 2518 quae
1440 2453 1652 2504 maxime
1688 2471 1887 2504 movere

233 2534 424 2583 animos
460 2535 721 2584 hominum
757 2545 932 2600 potest,
973 2537 1186 2584 confero.
1261 2536 1466 2584 Summa
1495 2535 1711 2599 denique
1739 2534 1887 2584 huius

231 2614 419 2678 generis
457 2617 579 2665 haec
609 2625 695 2677 est,
723 2625 778 2666 ut
802 2617 843 2666 si
867 2616 922 2665 in'
950 2617 1220 2666 refellendo
1252 2615 1529 2665 adversario
1558 2615 1742 2665 firmior
1775 2632 1885 2666 esse
1909 2631 1962 2673 30

286 2741 340 2781 M
355 2763 390 2776 =
411 2743 550 2784 ΑΕΗ
724 2758 741 2783 1
773 2745 843 2795 qui
864 2743 927 2784 L:
957 2745 1058 2796 quid
1079 2743 1152 2783 M:
1193 2743 1266 2794 qui
1294 2743 1337 2782 in
1367 2742 1524 2783 Schatz
1644 2743 1726 2783 mei
1746 2743 1855 2796 vulg.
1873 2758 1884 2784 z

231 2798 291 2836 tui
312 2797 420 2837 codd.
533 2811 558 2837 2
580 2798 806 2838 Pontinum
826 2797 922 2837 Mm
1031 2810 1056 2848 5
1086 2811 1228 2848 accep.
1249 2828 1260 2838 .
1286 2828 1295 2837 .
1318 2829 1328 2839 .
1350 2811 1428 2848 per
1447 2804 1490 2838 te
1509 2796 1563 2835 M
1671 2811 1721 2837 10
1748 2798 1883 2838 volui-

230 2852 308 2891 stis
328 2852 364 2891 L
386 2852 496 2903 vulg.
646 2865 693 2891 12
722 2854 802 2892 iam
824 2854 936 2892 dicta
955 2853 991 2892 L
1012 2854 1122 2904 vulg.
1271 2854 1321 2891 16
1349 2852 1616 2892 concitantur
1635 2849 1689 2890 M
1832 2865 1883 2902 19

232 2911 455 2956 utrumque
477 2935 486 2944 .
509 2937 519 2947 .
546 2936 555 2947 .
578 2906 732 2947 habeat
764 2920 848 2947 om.
882 2905 937 2945 M
1094 2918 1143 2945 21
1175 2906 1329 2946 habeat
1358 2907 1395 2945 L
1419 2907 1531 2958 vulg.
1702 2906 1757 2944 26
1784 2911 1882 2946 tuor

231 2960 317 2999 AE
331 2959 409 3012 Lg.
434 2972 486 3010 32
