2150 3444
171 149 228 197 16
250 155 320 197 60-

248 697 297 738 61

783 148 853 195 M.
893 145 1103 196 TVLLI
1131 147 1524 210 ‘CICERONIS

325 286 541 351 cognitio
575 295 724 351 atque
762 286 811 335 in
851 286 922 335 *eis
964 285 1249 336 exercitatio*
1289 286 1603 351 philosophia
1635 287 1981 350 nominaretur,

325 370 422 418 hoc
468 386 733 429 commune
780 386 964 418 nomen
1022 370 1197 434 eripuit
1249 370 1592 434 sapienterque
1647 371 1890 422 sentiendi
1936 380 1986 422 et

323 458 492 498 ornate
516 449 715 499 dicendi
745 450 999 498 scientiam
1032 467 1083 499 re
1116 450 1422 499 cohaerentis
1446 450 1861 514 disputationibus
1885 451 1985 509 suis

322 531 561 594 separavit
578 550 591 592 3
626 532 765 581 cuius
798 532 1050 595 ingenium
1074 533 1333 597 variosque
1357 550 1608 582 sermones
1632 532 1986 584 immortalitati

323 611 513 675 scriptis
549 613 649 662 suis
679 616 820 663 Plato
848 614 1061 674 tradidit,
1089 632 1204 663 cum
1239 614 1344 678 ipse
1379 614 1589 664 litteram
1622 615 1845 664 Socrate-s
1880 615 1987 674 nul·
2006 627 2034 671 5

322 694 422 740 lam
445 692 730 756 reliquisset.
807 694 943 743 Hinc
975 694 1241 744 discidium
1273 694 1394 744 illud
1423 693 1604 744 exstitit
1628 694 1768 758 quasi
1791 694 1992 758 linguae

303 780 472 836 -atque
500 772 678 834 cordis,
701 773 971 823 absurdum
1004 791 1123 823 sane
1155 784 1204 824 et
1231 773 1411 824 ‘inutile
1435 784 1484 824 et
1508 775 1992 839 reprehendendum,

246 1303 299 1352 17

249 1369 300 1408 62

322 861 376 900 ut
411 851 492 901 alii
528 869 620 901 nos
655 869 841 916 sapere,
865 854 948 902 alii
983 855 1148 905 dicere
1181 857 1431 906 docerent.
1505 857 1637 906 Nam
1673 873 1788 906 cum
1814 865 1988 906 *essent

322 934 485 995 plures
510 933 602 981 orti
627 934 727 982 fere
755 951 784 982 a
809 936 1021 995 Socrate,
1050 937 1187 999 quod
1222 953 1283 985 ex
1317 936 1447 985 illius
1469 936 1614 986 variis
1639 946 1688 987 et
1711 936 1915 988 diversis
1938 945 1989 988 et

321 1012 373 1061 in
398 1029 599 1062 omnem
623 1022 813 1077 partem
846 1014 1036 1064 diffusis
1065 1016 1482 1080 disputationibus
1511 1017 1634 1067 alius
1662 1018 1797 1068 aliud
1820 1033 1990 1082 appre-
2011 1036 2064 1071 ιο

321 1093 577 1153 henderat,
624 1093 986 1157 proseminatae
1032 1105 1147 1145 sunt
1193 1097 1334 1160 quasi
1384 1096 1598 1147 familiae
1642 1097 1989 1148 dissentientes

322 1172 449 1222 inter
473 1189 526 1222 se
550 1183 598 1222 et
622 1176 834 1223 multum
858 1174 1133 1226 disiunctae
1157 1185 1206 1226 et
1229 1177 1465 1241 dispareS,
1484 1194 1599 1227 cum
1623 1186 1791 1227 tamen
1814 1170 1991 1229 omnes

323 1270 378 1303 se
401 1252 684 1317 philosophi
709 1255 985 1305 Socraticos
1018 1265 1067 1306 et
1098 1255 1198 1307 dici
1221 1259 1403 1307 vellent
1426 1266 1476 1307 et
1498 1274 1607 1308 esse
1629 1257 1987 1324 arbitrarentur.

325 1337 402 1383 Ac
425 1333 585 1399 primo
608 1334 672 1384 ab
698 1334 807 1399 ipso
832 1336 1040 1387 Platone
1058 1337 1346 1387 Aristoteles
1370 1347 1420 1388 et
1443 1340 1764 1401 XenocrateS,
1778 1355 1990 1404 quorum

323 1416 446 1464 alter
493 1414 947 1478 Peripateticorum,
997 1418 1120 1467 alter
1164 1417 1467 1468 Academiae
1520 1436 1706 1469 nomen
1757 1419 1986 1480 obtinuit,
2013 1439 2063 1482 15

324 1497 509 1548 deinde
538 1498 603 1547 ab
627 1498 937 1559 Antisthene,
965 1499 1051 1563 qui
1083 1499 1371 1563 patientiam
1403 1509 1453 1550 et
1487 1500 1717 1552 duritiam
1747 1501 1800 1550 in
1824 1502 1991 1551 Socra-

324 1578 423 1628 tico
470 1595 698 1629 sermone
745 1579 957 1630 maxime
1003 1582 1271 1642 adamarat,
1319 1580 1494 1645 Cynici
1538 1580 1770 1645 primum,
1805 1580 1990 1632 deinde

270 1654 275 1655 ⁷
324 1658 490 1720 Stoici,
522 1668 627 1708 tum
659 1660 723 1709 ab
756 1659 1027 1725 Aristipp0,
1051 1677 1201 1724 quem
1237 1661 1349 1711 illae
1382 1661 1535 1726 magis
1559 1661 1861 1726 voluptariae
1894 1661 1987 1713 dis-

323 1738 603 1803 putationes
627 1741 940 1801 delectarant,
960 1741 1229 1804 Cyrenaica
1254 1741 1568 1805 philosophia
1591 1741 1823 1804 manavit,
1837 1758 1989 1806 quam

323 1819 405 1868 ille
446 1828 495 1868 et
541 1818 645 1868 eius
686 1820 869 1883 posteri
909 1820 1194 1884 simpliciter
1233 1823 1574 1883 defenderunt,
1618 1821 1682 1883 hi,
1723 1821 1810 1886 qui
1854 1838 1989 1872 nunc
2012 1842 2065 1872 20

325 1903 577 1964 voluptate
602 1901 769 1951 omnia
798 1901 1078 1962 metiuntur,
1105 1904 1226 1952 dum
1258 1903 1582 1954 verecundius
1617 1903 1670 1954 id
1704 1912 1872 1968 agunt,
1894 1920 1990 1955 nec

326 1981 551 2045 dignitati
598 1981 713 2031 satis
753 1981 952 2043 faciunt,
993 1999 1143 2046 quam
1190 2000 1293 2033 non
1339 1991 1676 2048 aspernantur,
1717 2001 1811 2034 nec
1856 1985 1991 2035 volu-

326 2070 513 2126 ptatem
537 2070 747 2122 tuentur,
766 2078 916 2125 quam
940 2063 1204 2127 amplexari
1227 2065 1412 2113 volunt.
1487 2066 1705 2114 Fuerunt
1728 2064 1876 2114 etiam
1893 2065 1991 2115 alia

326 2159 506 2207 genera
542 2143 964 2206 philosophorum,
1003 2144 1090 2208 qui
1131 2161 1183 2194 se
1220 2162 1394 2195 omnes
1435 2146 1535 2195 fere
1571 2145 1845 2196 Socraticos
1881 2162 1991 2197 esse
2093 2200 2095 2202 ,

327 2224 577 2285 dicebant,
604 2223 950 2286 Eretricorum,
977 2225 1270 2285 Erilliorum,
1291 2225 1667 2289 Megaricorum,
1689 2227 1990 2289 Pyrrhoneo-
2013 2240 2063 2283 25

328 2322 472 2366 rum3
520 2307 608 2355 sed
645 2322 703 2355 ea
748 2307 925 2355 horum
962 2306 1011 2356 vi
1056 2316 1106 2357 et
1151 2307 1566 2371 disputationibus
1608 2317 1723 2358 sunt
1767 2308 1989 2359 iamdiu

252 2388 305 2443 63
328 2387 479 2442 fracta
503 2394 551 2435 et
576 2386 825 2435 exstincta.
900 2389 975 2436 Ex
998 2386 1091 2436 illis
1115 2396 1282 2438 autem
1306 2404 1434 2451 quae
1457 2397 1725 2449 remanent,
1752 2406 1812 2440 ea
1834 2389 1990 2454 philo-

329 2466 518 2530 sophia,
542 2483 670 2530 quae
705 2467 920 2531 suscepit
959 2468 1286 2531 patrocinium
1321 2469 1602 2533 voluptatiS,
1637 2469 1728 2520 etsi
1762 2470 1842 2520 cui
1877 2487 1990 2520 vera

328 2546 564 2609 videatur,
589 2550 759 2611 procul
783 2549 923 2598 abest
947 2556 1114 2598 tamen
1137 2550 1201 2599 ab
1234 2566 1295 2599 eo
1318 2549 1439 2611 vir0,
1462 2567 1612 2614 quem
1636 2551 1916 2614 quaerimus
1938 2560 1989 2601 et

328 2643 477 2690 quern
512 2637 763 2678 auctorem
795 2628 981 2693 publici
1012 2629 1186 2689 consili
1221 2638 1270 2679 et
1305 2632 1548 2694 regendae
1577 2629 1785 2680 civitatis
1805 2633 1988 2688 ducem
2011 2644 2064 2685 30

329 2716 377 2756 et
423 2709 694 2759 sententiae
740 2719 889 2774 atque
935 2711 1246 2774 eloquentiae
1291 2711 1563 2775 principem
1610 2711 1661 2760 in
1707 2720 1897 2773 senatu,
1937 2712 1988 2767 in

327 2791 525 2852 populo,
549 2790 599 2837 in
625 2790 782 2839 causis
811 2790 1023 2854 publicis
1055 2807 1163 2840 esse
1186 2793 1426 2841 volumus.
1500 2794 1608 2842 Nec
1630 2793 1730 2840 ulla
1752 2801 1918 2842 tamen
1933 2791 1988 2842 ei

383 2928 437 2955 20
465 2917 746 2958 defenderunt
766 2918 880 2971 vulg.
901 2933 910 2958 :
938 2918 1221 2959 defenderant
1237 2919 1348 2960 codd.
1372 2933 1381 2959 z
1411 2919 1699 2960 defendebant
1717 2918 1918 2968 Friedrich
