2150 3444
796 151 891 199 DE
927 150 1270 200 ORATORE
1342 151 1396 199 II

266 296 288 347 ,”
323 289 443 340 1)υο
479 287 594 338 'sunt
630 288 763 339 enim
800 305 981 354 genera
1020 289 1319 349 facetiarum,
1359 306 1571 353 quorum
1617 292 1822 340 alterum
1869 308 1920 342 re

254 379 503 432 humatur,
526 372 733 420 alterum
757 370 923 421 dicto:
958 387 1027 432 re,
1044 370 1085 420 si
1109 371 1311 434 quando
1335 369 1457 434 quid
1482 379 1733 434 tamquam
1757 372 1922 435 aliqua

1942 163 2014 214 ⁵9
2033 169 2109 214 ²39

1949 390 2028 431 240

252 451 434 502 fabella
469 460 705 512 narratur,
736 459 792 500 ut
832 450 951 500 olim
988 459 1056 511 tu,
1093 452 1286 511 Crasse,
1322 450 1373 498 in
1411 451 1726 512 Memmium,
1762 469 1921 502 come·
2001 512 2003 514 ¹

252 532 386 584 disse
409 548 526 583 eum
553 534 790 582 lacertum
816 531 974 596 Largi,
1001 548 1114 581 cum
1146 540 1275 581 esset
1305 547 1421 581 curn
1454 548 1516 581 eo
1540 532 1831 582 Tarracinae
1855 534 1919 583 de

203 626 228 670 s
252 613 466 664 amicula
478 612 659 662 rixatus
678 631 688 661 ι
713 615 857 674 salsa,
871 629 930 662 ac
949 621 1116 662 tamen
1139 628 1170 661 a
1187 620 1236 662 te
1255 611 1364 675 ipso
1382 613 1498 661 ficta
1514 609 1662 679 [tota]
1681 613 1889 664 narratio
1905 632 1920 675 3

251 692 488 745 addidisti
516 694 786 743 clausulam
811 710 821 742 ε
867 702 973 743 tota
995 692 1261 742 Tarracina
1289 702 1396 742 tum
1425 693 1658 743 omnibus
1690 693 1741 742 in
1770 695 1920 758 parie-

251 775 385 826 tibus
411 774 669 839 inscriptas
700 774 852 824 fuisse
882 773 1065 824 litteras
1099 776 1434 823 L.L.L.M.M.
1460 793 1474 836 3
1514 791 1629 824 cum
1662 792 1920 839 quaereres

249 856 304 908 id
349 855 471 921 quid
490 920 492 923 ι
511 864 654 916 esset,
703 873 874 906 senem
916 855 1007 906 tibi
1053 858 1306 920 quendam
1352 857 1659 921 oppidanum
1707 857 1918 908 dixisse:
2000 861 2001 864 ’

253 937 464 987 ‘lacerat
509 938 746 987 lacertum
794 937 939 1001 Largi
994 940 1199 988 mordax
1247 937 1547 988 Memmius.'
1640 939 1919 1002 Perspicitis

177 1033 230 1064 ω
249 1034 406 1084 genus
428 1019 527 1068 hoc
544 1034 695 1083 quam
719 1017 782 1067 sit
805 1020 1038 1080 facetum,
1057 1035 1207 1082 quam
1232 1021 1428 1083 elegans
1432 1057 1446 1080 ,
1461 1036 1610 1083 quam
1636 1020 1918 1082 oratorium,

249 1099 353 1150 sive
376 1100 561 1150 habeas
583 1117 697 1150 vere
727 1101 866 1164 quod
900 1117 1093 1150 narrare
1121 1100 1294 1166 possis,
1321 1101 1459 1165 quod
1488 1109 1654 1151 tamen
1683 1110 1757 1151 est
1785 1119 1919 1152 men-

248 1179 556 1231 daciunculis
601 1182 978 1246 aspergendum,
1024 1181 1129 1232 sive
1179 1183 1347 1246 fingas.
1436 1184 1525 1231 Est
1570 1191 1736 1232 autem
1771 1183 1918 1232 huius

247 1261 440 1327 generis
490 1261 656 1324 virtuS,
705 1271 760 1312 ut
806 1262 874 1312 ita
904 1264 1048 1312 ¹facta
1094 1265 1421 1325 demonstreS,
1466 1273 1522 1314 ut
1575 1281 1737 1314 mores
1794 1264 1915 1326 eiuS,

247 1342 314 1392 de
346 1358 450 1406 quo
483 1358 661 1402 narreS‚
692 1351 748 1393 ut
783 1359 958 1404 sermo,
994 1352 1048 1393 ut
1076 1346 1239 1393 vultus
1274 1361 1450 1404 omnes
1483 1344 1830 1409 exprimantur,
1862 1355 1917 1395 ut

176 1439 224 1484 ¹⁵
248 1422 336 1485 εἰς,
359 1422 447 1488 qui
468 1422 692 1485 audiunt,
719 1432 826 1472 turn
853 1424 956 1488 geri
987 1423 1070 1474 illa
1102 1425 1306 1489 fierique
1329 1425 1599 1476 videantur.
1674 1428 1735 1476 In
1766 1443 1818 1476 re
1842 1435 1916 1476 est

247 1503 367 1555 item
390 1503 671 1566 ridiculum,
694 1506 833 1569 quod
862 1522 922 1556 ex
953 1507 1177 1570 quadam·
1202 1508 1467 1571 depravata
1489 1506 1763 1557 imitatione
1788 1508 1917 1557 sumi

247 1587 387 1647 solet,
414 1594 469 1635 ut
491 1585 626 1636 idem
651 1587 858 1637 Crassus
881 1606 891 1636 :
931 1591 943 1614 ‘
961 1605 1047 1652 per
1075 1597 1213 1637 tuam
1244 1588 1568 1649 nobilitatem,
1595 1606 1682 1653 per
1704 1599 1916 1653 vestram

246 1666 484 1717 familiam
505 1669 544 1717 l’
614 1668 751 1731 Quid
797 1669 932 1719 aliud
978 1669 1082 1730 suit,
1124 1670 1177 1719 in
1223 1687 1325 1734 quo
1371 1669 1540 1719 contio
1586 1670 1776 1731 rideret,
1821 1670 1918 1719 nisi

246 1747 331 1798 illa
374 1750 538 1798 vultus
584 1758 634 1799 et
678 1749 814 1799 vocis
860 1750 1111 1800 imitatio?
1178 1753 1193 1777 ‘
1213 1753 1307 1800 Per
1351 1759 1461 1799 tuas
1508 1755 1719 1800 statuas!
1740 1753 1751 1774 '
1799 1769 1916 1802 vero

174 1847 226 1879 2ο
246 1845 362 1898 cum
408 1829 531 1880 dixit
576 1838 626 1881 et
679 1839 879 1881 extento
930 1831 1163 1881 bracchio
1215 1833 1419 1896 paulurn
1471 1830 1619 1880 etiam
1666 1833 1730 1882 de
1775 1842 1916 1896 gestu

244 1910 456 1973 addidit,
500 1912 843 1963 vehementius
900 1912 1107 1963 risimus
1199 1915 1275 1962 Ex
1331 1914 1429 1963 hoc
1485 1929 1664 1978 genere
1715 1922 1789 1963 est
1835 1914 1917 1964 illa

246 1993 499 2044 Rosciana
531 1993 742 2044 imitatio
777 1993 908 2044 senis
931 2014 941 2044 :

285 2079 394 2131 ‘tibi
412 2098 518 2146 ego,
537 2081 778 2146 Antipho,
794 2083 882 2131 has
902 2098 1027 2144 sero,
1045 2081 1206 2147 inquit
1217 2100 1231 2144 ;
1259 2081 1512 2143 seniumst,
1531 2098 1685 2147 quom
1703 2082 1885 2133 audio.’

152 2201 158 2203 >
246 2168 403 2233 Atqui
438 2168 508 2219 ita
543 2177 618 2219 est
655 2178 816 2219 totum
851 2170 948 2220 hoc
984 2169 1093 2234 ipso
1127 2186 1306 2234 genere
1339 2169 1620 2231 ridiculum,
1654 2179 1709 2219 ut
1745 2171 1918 2220 cautis-

173 2265 223 2307 ²5
247 2250 371 2302 sime
405 2253 718 2301 tractandum
753 2252 849 2313 sit3
894 2252 1160 2302 mimorum
1196 2261 1271 2302 est
1305 2251 1438 2302 enim
1471 2261 1520 2302 et
1554 2253 1912 2316 ethologorum,

246 2331 287 2381 si
333 2331 488 2383 nimia
532 2341 607 2383 est
651 2332 876 2394 imitatio,
926 2333 1052 2383 sicut
1097 2333 1389 2384 obscenitas.
1463 2334 1642 2384 Orator
1692 2334 1916 2399 surripiat

246 2422 441 2478 oportet
475 2412 817 2474 imitationem,
849 2423 905 2464 ut
938 2414 993 2475 is,
1028 2413 1114 2478 qui
1151 2415 1331 2475 audiet,
1371 2415 1553 2479 cogitet
1588 2417 1728 2479 plura
1764 2432 1915 2480 quam

245 2494 440 2556 videat3
475 2503 689 2559 praestet
723 2495 856 2545 idern
893 2495 1247 2559 ingenuitatem
1283 2506 1332 2546 et
1373 2497 1603 2546 ruborem
1639 2514 1783 2546 suum
1814 2515 1916 2547 ver-

246 2576 425 2626 borum
471 2575 776 2641 turpitudine
822 2585 871 2626 et
917 2593 1079 2626 rerum
1126 2577 1433 2628 obscenitate
1478 2577 1691 2628 vitanda.
1784 2580 1914 2642 Ergo

300 2694 355 2735 M
371 2715 407 2730 =
427 2695 539 2736 HA²
664 2702 666 2705 '
685 2710 711 2736 2
738 2695 907 2748 aliquae
927 2697 1106 2737 fabellae
1126 2704 1350 2738 narrantur
1367 2698 1422 2737 M
1599 2709 1624 2748 5
1653 2704 1742 2739 tota
1761 2712 1844 2740 om.
1864 2698 1919 2738 M

247 2762 273 2801 7
302 2750 466 2791 litteras
496 2751 580 2790 duo
599 2749 676 2790 M:
718 2751 746 2791 1.
784 2752 890 2791 duas
922 2765 993 2791 m:
1037 2753 1117 2791 tria
1145 2753 1172 2793 1.
1204 2753 1230 2794 1.
1267 2753 1294 2793 l.
1322 2753 1408 2792 duo
1437 2765 1490 2793 m.
1522 2766 1574 2793 m.
1604 2753 1668 2793 L:
1710 2754 1910 2792 LLLMM

246 2803 407 2846 Sciam
566 2817 842 2855 quereremus
870 2803 925 2844 M
1155 2808 1181 2845 8
1222 2807 1480 2864 oppidanum
1514 2820 1598 2847 om.
1636 2806 1686 2845 M
1719 2808 1812 2858 (viii
1837 2808 1910 2848 litt.

247 2865 309 2911 sp.
355 2870 441 2898 vac.
480 2857 592 2910 HA)
790 2872 836 2899 11
880 2873 983 2900 vere
1012 2873 1097 2900 om.
1140 2859 1194 2898 M
1222 2862 1327 2912 (sive
1372 2861 1414 2899 A
1424 2862 1441 2914 >
1603 2863 1772 2901 tandem
1818 2858 1911 2900 HA

252 2924 302 2952 12
329 2912 492 2963 fingere
516 2910 568 2950 M
593 2912 750 2964 (finger
775 2927 837 2953 xx
862 2913 935 2954 litt.
966 2920 1025 2966 sp.
1050 2927 1138 2955 vac.
1162 2914 1230 2967 H>
1424 2928 1473 2954 21
1505 2916 1634 2957 addi.
1659 2945 1669 2956 .
1692 2946 1702 2956 .
1728 2915 1793 2955 Ex
1819 2915 1909 2954 HA

248 2966 334 3018 (xx
350 2966 425 3006 litt.
449 2972 512 3019 sp.
536 2968 646 3020 vac.)
665 2981 674 3006 :
704 2967 865 3007 addidit
889 2981 944 3007 ex
964 2982 1008 3007 m
1156 2981 1206 3018 24
1235 2970 1352 3019 atqui
1372 2968 1591 3010 fleckeisen
1607 2984 1621 3009 .·
1650 2975 1779 3021 atque
1798 2969 1910 3011 codd.

249 3019 340 3060 toto
368 3017 423 3059 M
524 3020 579 3061 26
605 3021 842 3061 aestimatio
860 3021 914 3060 M

1945 959 2018 1001 241

1943 1442 2018 1483 242

1936 2540 2010 2588 60

1939 2627 2017 2668 243
