2150 3444
592 636 679 700 M.
742 636 1012 698 TVLLI
1078 636 1583 699 CICERONIS

762 803 886 865 DE
955 803 1404 865 ORATORE

526 967 608 1010 AD
645 968 912 1020 QVINTVM
953 969 1237 1010 FRATREM
1282 970 1443 1010 LIBRI
1483 970 1637 1011 TRES

809 1146 1025 1195 LIBER
1060 1145 1424 1197 SECVNDVS

315 1279 519 1329 MAGNA
555 1276 701 1328 nobis
739 1276 916 1343 pueriS,
962 1276 1150 1340 Quinte
1191 1278 1347 1338 frater,
1393 1277 1433 1327 si
1474 1276 1713 1329 memoria
1754 1286 1906 1339 teneS,
1933 1291 1956 1328 1

245 1358 418 1425 opinio
451 1359 542 1410 fuit
574 1361 630 1409 L.
659 1360 893 1411 Crassum
929 1375 1032 1410 non
1067 1362 1178 1424 plus
1212 1359 1428 1424 attigisse
1464 1359 1732 1422 doctrinae,
1760 1377 1911 1425 quam

245 1450 488 1506 quantum
512 1441 671 1507 prima
693 1441 776 1492 illa
799 1441 974 1507 puerili
998 1441 1307 1492 institutione
1331 1440 1572 1506 potuisset
1589 1460 1603 1504 3
1639 1444 1711 1491 M.
1746 1451 1914 1493 autem

245 1522 524 1573 Antonium
556 1522 763 1574 omnino
796 1522 958 1573 omnis
988 1522 1278 1574 eruditionis
1314 1531 1562 1588 expertem
1599 1531 1748 1588 atque
1784 1524 1898 1588 igna

197 1625 221 1668 5
245 1620 354 1653 rum
378 1603 528 1654 fuisse
544 1621 559 1666 ;
595 1612 833 1669 erantque
857 1603 999 1673 multi
1029 1603 1128 1669 qui,
1156 1620 1459 1669 quamquam
1488 1621 1592 1654 non
1624 1604 1693 1655 ita
1724 1622 1776 1656 se
1809 1623 1912 1656 rem

239 1685 429 1736 ‘habere
452 1684 812 1746 arbitrarentur,
831 1695 1012 1748 tamen,
1041 1702 1143 1751 quo
1161 1686 1350 1736 facilius
1375 1702 1468 1737 nos
1492 1686 1721 1737 incensos
1746 1687 1914 1738 studio

243 1765 471 1817 discendi
504 1783 535 1816 a
569 1766 796 1817 doctrina
826 1768 1140 1828 deterrerent,
1174 1767 1384 1818 libenter
1418 1767 1483 1828 id,
1523 1769 1661 1832 quod
1696 1768 1810 1830 dixi,
1849 1771 1914 1819 de

242 1847 337 1898 illis
383 1847 659 1898 oratoribus
706 1849 1059 1914 praedicarent,
1104 1858 1171 1910 ut,
1223 1849 1264 1899 si
1310 1849 1538 1899 homines
1585 1866 1688 1900 non
1735 1850 1913 1901 eruditi

243 1945 490 1980 summam
514 1938 679 1980 essent
702 1930 1017 1995 prudentiam
1041 1940 1191 1995 atque
1210 1930 1551 1981 incredibilem
1577 1932 1912 1996 eloquentiam

172 2031 223 2063 ro
243 2010 511 2073 consecuti,
534 2011 695 2062 inanis
719 2012 883 2063 omnis
907 2021 1076 2063 noster
1100 2029 1207 2063 esse
1223 2013 1363 2062 labor
1387 2021 1436 2062 et
1461 2014 1665 2062 stultum
1690 2012 1742 2062 in
1766 2012 1911 2063 nobis

242 2093 526 2146 erudiendis
561 2094 713 2159 patris
750 2095 918 2157 nostri,
961 2095 1137 2161 optimi
1172 2111 1230 2145 ac
1266 2093 1636 2159 prudentissimi
1673 2094 1774 2156 viri,
1816 2103 1912 2144 stu-

240 2175 381 2226 dium
415 2176 674 2228 videretur.
763 2179 906 2241 Quos
942 2186 1063 2240 tum,
1102 2185 1157 2227 ut
1189 2176 1341 2242 pueri,
1380 2177 1589 2226 refutare
1623 2176 1909 2226 domesticis
1936 2195 1955 2224 2

167 2302 170 2304 ,
238 2257 448 2311 testibus
480 2268 618 2324 patre
651 2268 700 2310 et
730 2260 786 2311 C.
814 2262 1074 2311 Aculeone
1098 2258 1381 2324 propinquo
1413 2265 1581 2307 nostro
1612 2264 1661 2306 et
1687 2259 1740 2306 L.
1771 2257 1910 2308 Cice-

241 2355 363 2390 rone
397 2349 573 2406 patruo
614 2342 911 2403 solebamuS,
950 2342 1089 2406 quod
1124 2342 1188 2392 de
1226 2341 1406 2390 Crasso
1441 2346 1577 2403 pater
1612 2346 1661 2386 et
1697 2340 1904 2399 Acule0,

169 2437 218 2481 15
241 2435 460 2485 quocum
506 2431 609 2473 erat
654 2431 822 2473 nostra
868 2432 1140 2483 matertera,
1185 2438 1334 2486 quem
1384 2420 1585 2471 Crassus
1633 2418 1802 2469 dilexit
1847 2437 1906 2470 ex

240 2502 474 2553 omnibus
508 2503 788 2568 plurimum,
829 2514 878 2555 et
913 2514 1127 2569 patrum,
1167 2504 1253 2568 qui
1291 2518 1406 2552 cum
1441 2500 1664 2550 Antonio
1700 2501 1751 2550 in
1791 2501 1905 2552 Cili-

238 2583 367 2633 ciam
402 2586 651 2649 profectus
686 2602 786 2635 una
821 2587 1115 2647 decesserat,
1140 2588 1295 2635 multa
1323 2584 1465 2635 nobis
1499 2583 1563 2632 de
1595 2582 1700 2631 eius
1736 2584 1902 2633 studio

143 2690 147 2695 ·
237 2674 288 2715 et
321 2666 548 2718 doctrina
582 2682 730 2731 saepe
765 2667 1008 2730 narravit3
1057 2683 1273 2731 cumque
1308 2681 1395 2716 nos
1432 2682 1547 2715 cum
1589 2665 1899 2714 consobrinis

236 2798 343 2890 ὣς
369 2808 474 2847 1-13
502 2795 787 2848 Defioe’entibus
820 2796 875 2836 M
899 2797 1080 2838 lectiones
1103 2811 1131 2852 εγ
1153 2795 1438 2849 (ΕνΙαηὲεηειὶς
1469 2807 1625 2854 mqnus
1658 2795 1896 2855 recentzbnls)

312 2864 425 2891 rmus

289 2961 316 2999 3
340 2949 554 3043 pottu'isset
573 2948 683 2990 codd.
707 2963 715 2988 :
748 2949 983 3000 paravisset
1004 2948 1111 2989 Reid
1216 2960 1242 2998 5
1272 2961 1356 2987 non
1377 2961 1458 2988 om.
1483 2946 1522 2986 L
1635 2961 1656 2997 7
1688 2948 1855 2988 dicendi
1877 2962 1895 2986 ε

240 3015 289 3042 10
318 3016 412 3043 esse
454 3018 471 3042 ε
