2150 3444
0 0 230 150 f

753 159 848 207 DE
885 155 1226 208 ORAToRE
1299 157 1352 203 11
1910 167 1942 218 7
1970 163 2020 218 η

217 305 411 355 nullum
443 293 641 364 facereS,
669 319 750 354 me
782 302 1003 352 teneres!
1028 292 1034 313 ²
1075 299 1177 349 Hic
1208 300 1414 351 Catulus
1445 295 1614 349 adrisit
1647 308 1695 349 et
1725 300 1883 360 simul,
1912 313 1960 353 28

222 389 236 414 ‘
256 384 502 451 praecisa’
550 383 710 448 inquit
761 387 774 411 ‘
797 382 920 432 mihi
966 380 1171 446 quidem
1218 389 1293 430 est
1339 378 1598 439 dubitatio,
1651 380 1886 444 quoniam

217 482 382 531 neque
418 466 558 517 dorni
599 466 890 531 imperaram
932 473 982 515 et
1021 464 1116 524 hic,
1155 463 1290 528 apud
1324 479 1475 528 quem
1511 478 1645 512 eram
1681 464 1886 524 futurus,

217 547 326 599 sine
348 565 461 599 mea
484 547 728 599 sententia
751 556 853 598 tam
877 546 1020 597 facile
1044 544 1299 611 promisit.'

169 639 196 683 5
285 631 419 680 Tum
465 646 641 681 omnes
687 631 860 680 oculos
906 628 958 678 in
1005 626 1284 678 Antonium
1331 626 1667 688 coniecerunt,
1710 635 1761 678 et
1806 627 1890 678 ille

222 711 418 763 ‘audite
457 719 591 772 vero,
631 709 832 770 audite,'
872 708 1037 775 inquit
1083 708 1366 758 ‘hominem
1405 708 1539 759 enirn
1575 708 1787 759 audietis
1825 710 1890 759 de

216 793 390 844 schola
428 802 580 857 atque
609 809 639 843 a
671 791 904 857 magistro
935 800 985 842 et
1021 790 1223 842 Graecis
1255 790 1426 842 litteris
1455 790 1716 852 eruditum,
1744 800 1793 841 et
1828 809 1890 842 eo

217 873 423 940 quidem
455 876 630 939 loquar
661 873 1008 934 confidentius,
1036 875 1175 938 quod
1201 874 1407 925 Catulus
1438 872 1635 923 auditor
1666 873 1885 934 accessit,

217 955 299 1006 cui
328 973 432 1007 non
464 958 626 1007 solum
659 972 752 1006 nos
785 956 951 1006 Latini
987 954 1243 1016 sermoniS,
1276 956 1364 1006 sed
1400 954 1549 1005 etiam
1587 955 1763 1006 Graeci
1796 955 1889 1020 ipsi

145 1061 198 1092 ιο
216 1039 379 1089 solent
415 1055 534 1089 suae
568 1038 765 1103 linguae
803 1037 1125 1088 subtilitatem
1164 1036 1558 1102 elegantiamque
1595 1039 1883 1087 concedere.

215 1121 317 1172 Sed
356 1120 474 1185 quia
512 1128 682 1171 tamen
722 1121 819 1170 hoc
860 1128 1034 1180 totum,
1074 1118 1314 1184 quicquid
1359 1127 1445 1178 est,
1486 1119 1587 1170 sive
1624 1119 1884 1169 artificium
1910 1141 1963 1185 ²9

216 1201 320 1252 sive
354 1200 574 1252 studium
610 1200 825 1263 dicendi,
858 1201 953 1251 nisi
988 1200 1195 1251 accessit
1231 1217 1301 1261 OS,
1333 1202 1525 1250 nullum
1561 1209 1725 1266 potest
1760 1218 1881 1261 esse,

215 1282 414 1334 docebo
431 1298 534 1344 vo8,
551 1281 795 1348 discipuli,
818 1282 870 1333 id
894 1283 1032 1347 quod
1057 1281 1163 1347 ipse
1189 1298 1292 1332 non
1316 1281 1485 1343 didici,
1511 1282 1633 1346 quid
1658 1284 1722 1334 de
1746 1283 1885 1333 omni

215 1380 395 1430 genere
413 1361 656 1431 [dicendi]
676 1363 916 1415 sentiam.'
977 1363 1079 1413 Hic
1103 1372 1277 1428 postea
1295 1380 1446 1428 quam
1470 1363 1758 1426 adriserunt,
1783 1369 1884 1415 ‘res
1908 1379 1964 1423 30

146 1464 195 1508 ¹5
217 1445 342 1497 mihi
375 1445 570 1497 videtur
603 1447 739 1497 esse’
774 1445 935 1510 inquit
971 1447 1228 1496 ‘facultate
1264 1447 1523 1510 praeclara,
1563 1454 1665 1497 arte
1700 1445 1887 1497 medio-

216 1527 310 1578 cris
325 1546 341 1590 3
388 1545 465 1578 ars
503 1527 638 1579 enirn
666 1545 845 1579 tearum
882 1545 1047 1578 rerum
1086 1537 1172 1587 est,
1218 1544 1346 1592 quae
1382 1528 1604 1578 sciuntur
1619 1546 1634 1591 3
1682 1528 1888 1580 oratoris

215 1617 385 1660 autem
419 1609 584 1660 omnis
617 1609 750 1661 actio
785 1609 1119 1675 opinionibuS,
1161 1626 1263 1660 non
1317 1610 1533 1671 scientia,
1575 1610 1856 1662 continetur
1871 1630 1888 1673 ς

217 1707 334 1740 nam
363 1699 412 1741 et
438 1692 574 1756 apud
597 1707 685 1742 eos
709 1690 935 1752 dicimuS,
963 1691 1050 1756 qui
1082 1690 1322 1752 nesciunt,
1350 1700 1399 1742 et
1423 1708 1482 1741 ea
1505 1691 1732 1754 dicimuS,
1759 1709 1887 1758 quae

217 1771 466 1822 nescimus
489 1771 618 1837 ipsi3
652 1772 820 1836 itaque
851 1781 902 1822 et
930 1771 999 1821 illi
1028 1771 1146 1822 alias
1178 1771 1314 1823 aliud
1343 1772 1532 1823 eisdem
1565 1774 1629 1824 de
1662 1774 1809 1824 rebus
1837 1783 1887 1825 et

143 1872 195 1902 πο
218 1851 438 1902 sentiunt
459 1861 510 1903 et
534 1852 757 1903 iudicant
788 1861 838 1903 et
865 1869 958 1903 nos
988 1853 1255 1903 contrarias
1288 1870 1434 1919 saepe
1459 1869 1632 1904 causas
1657 1854 1882 1916 dicimus,

217 1949 320 1983 non
355 1935 511 1984 modo
542 1941 598 1984 ut
634 1934 842 1985 Crassus
876 1942 1050 1984 contra
1085 1951 1165 1984 me
1200 1934 1335 1985 dicat
1368 1935 1640 2000 aliquando
1674 1945 1759 1986 aut
1794 1954 1888 2002 ego

215 2022 390 2065 contra
412 2016 661 2076 Crassum,
689 2031 806 2065 cum
830 2015 1048 2065 alterutri
1073 2032 1276 2066 necesse
1300 2016 1362 2066 sit
1386 2018 1564 2067 falsum
1594 2017 1770 2078 dicere,
1799 2020 1888 2069 sed

214 2095 367 2146 etiam
389 2103 446 2146 ut
468 2104 677 2161 uterque
708 2104 933 2147 nostrum
957 2098 1135 2148 eadem
1159 2098 1224 2147 de
1250 2115 1300 2148 re
1324 2097 1443 2148 alias
1475 2098 1611 2149 aliud
1636 2101 1885 2159 defendat,

214 2191 332 2226 cum
372 2178 484 2242 plus
521 2194 626 2228 uno
666 2195 838 2228 verum
874 2194 982 2228 esse
1018 2195 1121 2229 non
1162 2179 1329 2243 possit.
1408 2182 1480 2231 Ut
1514 2179 1659 2244 igitur
1693 2180 1745 2229 in
1780 2181 1887 2230 eius

141 2279 190 2322 ²⁵
214 2257 353 2308 modi
393 2275 458 2318 re,
499 2274 629 2323 quae
663 2259 929 2309 mendacio
964 2259 1078 2309 nixa
1113 2258 1187 2320 sit,
1227 2277 1355 2324 quae
1390 2262 1455 2311 ad
1491 2260 1747 2310 scientiam
1782 2279 1886 2311 non

215 2355 365 2404 saepe
397 2340 663 2404 perveniat,
691 2357 821 2405 quae
853 2341 1115 2406 opiniones
1147 2342 1409 2392 hominum
1442 2351 1491 2392 et
1524 2359 1670 2407 saepe
1699 2360 1884 2394 errores

213 2430 500 2485 aucupetur,
526 2421 596 2472 ita
629 2421 808 2483 dicam,
845 2422 885 2471 si
921 2439 1121 2472 causam
1156 2424 1339 2487 putatis
1369 2441 1491 2485 esse,
1522 2441 1609 2474 cur
1640 2424 1882 2474 audiatis.'

215 2506 231 2529 ⁶
246 2503 355 2552 Nos
378 2519 495 2553 vero
518 2511 569 2553 et
591 2491 736 2554 v'alde
768 2503 1000 2567 quidem’
1026 2505 1234 2555 Catulus
1258 2504 1420 2569 inquit
1447 2510 1458 2532 ‘
1473 2514 1706 2570 putamus
1730 2515 1880 2571 atque
1907 2560 1951 2597 31

213 2599 275 2633 eo
306 2584 476 2648 magis,
504 2585 642 2648 quod
667 2586 802 2634 nulla
826 2584 948 2634 mihi
973 2585 1304 2636 ostentatione
1327 2586 1506 2636 videris
1531 2604 1639 2636 esse
1670 2604 1846 2637 usurus
1866 2606 1880 2648 3
1906 2587 1916 2598 “

140 2684 192 2726 30
215 2681 418 2715 exorsus
451 2682 504 2716 es
537 2666 671 2716 enim
697 2682 799 2716 non
828 2666 1053 2730 gloriose,
1082 2675 1136 2716 ut
1161 2675 1213 2716 tu
1243 2676 1401 2731 putaS,
1428 2667 1583 2731 magis
1606 2684 1637 2716 a
1660 2668 1876 2730 veritate,

270 2801 320 2838 14
350 2788 519 2829 dicendi
548 2802 630 2830 om.
655 2787 710 2828 M
821 2790 870 2829 18
901 2795 944 2828 et
973 2801 1023 2828 ea
1044 2818 1054 2829 .
1080 2819 1088 2829 .
1114 2819 1123 2829 .
1150 2789 1231 2840 ipsi
1258 2803 1340 2829 om.
1365 2789 1418 2828 M
1525 2802 1574 2829 21
1607 2802 1692 2828 non
1717 2789 1874 2839 AE17:

213 2855 293 2882 nos
321 2855 411 2883 recc.
565 2855 617 2894 23
647 2843 754 2883 alius
780 2843 893 2883 aliud
915 2843 968 2882 M
1109 2855 1161 2894 25
1191 2845 1244 2883 ad
1265 2844 1484 2883 scientiam
1505 2842 1568 2882 L:
1608 2844 1785 2884 scientia
1805 2844 1875 2885 H:

212 2897 256 2935 in
287 2897 469 2937 scientia
499 2896 591 2938 H¹z
639 2898 859 2938 scientiam
898 2897 994 2936 Mm
1135 2900 1189 2936 26
1227 2899 1449 2948 perveniat
1482 2897 1620 2938 coelat:
1661 2900 1877 2948 pertineat

211 2949 510 3045 HameckeZE
560 2965 615 3002 30
644 2953 780 3003 magis
802 2958 846 2991 ut
867 2959 911 2992 tu
934 2959 1058 3003 putas
1079 2964 1104 2991 a
1125 2952 1306 2993 veritate
1323 2951 1393 2993 H:
1430 2952 1565 3000 magis
1586 2966 1610 2991 a
1629 2953 1808 2993 veritate
1830 2958 1878 2992 ut

211 3011 256 3044 tu
277 3011 402 3056 putas
