2150 3444
757 122 852 173 DE
888 119 1230 172 ORATORE
1303 121 1356 170 II

221 263 503 325 Alexandri,
539 261 730 332 scripsit
762 259 1032 321 historiam,
1059 267 1109 310 et
1145 258 1184 308 is
1219 258 1422 322 quidem
1453 258 1698 308 rhetorico
1732 275 1890 323 paene

222 362 359 398 more
373 364 390 408 3
424 345 508 395 ille
530 353 698 395 autem
723 342 944 408 superior
967 340 1155 391 leniore
1181 341 1402 404 quodam
1429 355 1555 388 sono
1581 349 1654 388 est
1681 356 1812 399 usuS,
1842 349 1891 389 et

221 426 308 493 qui
330 426 470 476 illum
503 425 744 490 impetum
776 420 982 474 oratoris
1012 439 1116 472 non
1148 423 1344 482 habeat,
1384 423 1654 471 vehemens
1685 423 1890 470 fortasse

0 505 28 531 ’ἢ
221 509 399 568 minuS,
437 509 528 558 sed
564 507 820 572 aliquanto
855 515 1024 555 tamen
1060 513 1149 564 est,
1187 513 1242 553 ut
1277 503 1402 552 mihi
1437 503 1643 567 quidem
1679 503 1887 564 videtur,

0 593 22 672 ξ
178 599 202 640 5
222 589 426 642 dulcior.
501 588 743 638 Minimus
767 596 887 637 natu
912 588 1090 636 horum
1115 585 1341 634 omnium
1367 584 1617 644 Timaeus,
1647 594 1889 648 quantum

0 667 35 774 ἓ,
221 680 390 722 autem
414 670 632 721 iudicare
656 685 875 734 possum,
903 670 1050 731 longe
1085 666 1447 716 eruditissimus
1483 675 1532 715 et
1557 682 1718 715 rerum
1745 666 1890 729 copia

5 756 34 802 a
222 761 272 803 et
318 751 673 802 sententiarum
722 749 956 799 varietate
1001 748 1460 798 abundantissimus
1507 757 1557 797 et
1606 748 1712 811 ipsa
1759 765 1891 796 com-

0 826 38 916 }
220 833 468 900 positione
513 832 777 882 verborum
824 847 928 879 non
969 829 1224 893 impolitus
1272 846 1503 893 magnam
1552 830 1887 893 eloquentiam

219 915 286 964 ad
310 913 631 964 scribendum
654 911 832 972 attulit,
859 912 949 962 sed
980 913 1174 960 nullum
1211 927 1357 960 usum
1391 913 1671 960 forensem.'
1744 913 1889 959 Haec

150 1019 200 1050 ιο
220 1012 336 1046 cum
382 994 468 1044 ille
513 993 730 1054 dixisset,
787 992 939 1057 ‘quid
987 994 1092 1052 est‚'
1131 991 1292 1057 inquit
1338 993 1613 1043 ‘Catule?'
1674 992 1857 1042 Caesar
1877 1009 1892 1051 3

223 1075 341 1126 ‘ubi
387 1083 515 1136 sunt,
565 1074 653 1139 qui
680 1127 681 1130 ,
704 1074 987 1125 Antonium
1042 1075 1232 1123 Graece
1286 1082 1469 1138 negant
1521 1073 1682 1123 scire?
1753 1074 1891 1134 Quot

216 1157 477 1208 historicos
500 1155 806 1207 nominavit!
867 1157 1034 1219 Quam
1060 1155 1282 1214 scienter,
1304 1171 1454 1219 quam
1479 1154 1675 1220 proprie
1699 1156 1763 1205 de
1788 1172 1890 1204 uno

216 1255 418 1304 quoque
445 1238 569 1290 dixit
588 1242 599 1288 l
618 1240 630 1263 '
683 1239 774 1288 ‘Id
804 1239 1148 1287 me-hercule'
1181 1236 1342 1301 inquit
1373 1238 1579 1287 Catulus
1610 1237 1889 1286 ‘admirans

216 1319 340 1371 illud
380 1319 480 1370 iam
518 1318 684 1369 mirari
718 1319 908 1379 desino,
948 1319 1087 1382 quod
1124 1319 1281 1367 multo
1319 1317 1472 1381 magis
1508 1326 1623 1367 ante
1659 1317 1885 1377 mirabar,

145 1423 194 1464 15
215 1403 364 1463 hunc,
382 1418 499 1452 cum
517 1402 643 1451 haec
661 1400 886 1460 nesciret,
910 1400 962 1449 in
981 1400 1198 1450 dicendo
1215 1416 1362 1463 posse
1387 1400 1611 1448 tantum.'
1686 1403 1697 1425 ‘
1716 1398 1885 1463 Atqui,

217 1484 425 1544 Catule,’
465 1482 628 1547 inquit
662 1481 914 1531 Antonius
955 1485 1087 1530 ‘non
1124 1496 1217 1544 ego
1258 1479 1520 1528 utilitatem
1563 1479 1780 1543 aliquam
1822 1481 1888 1529 ad

217 1564 490 1615 dicendum
517 1558 777 1628 ‘aucupans
811 1564 991 1612 horum
1026 1562 1178 1611 libros
1215 1570 1264 1611 et
1300 1578 1403 1610 non
1434 1562 1597 1610 nullos
1631 1560 1767 1620 alios,
1796 1562 1886 1609 sed

214 1644 560 1696 delectationis
584 1660 746 1704 causa,
770 1660 885 1693 cum
911 1652 985 1692 est
1009 1642 1180 1702 otium,
1200 1644 1360 1706 legere
1386 1644 1536 1691 soleo.
1613 1641 1749 1703 Quid
1769 1657 1885 1704 ergo

214 1730 322 1778 est?
403 1729 506 1787 Est,
538 1726 742 1785 fatebor,
781 1724 970 1788 aliquid
1003 1734 1170 1773 tamen
1187 1741 1201 1784 3
1242 1733 1310 1784 ut,
1346 1739 1461 1772 cum
1499 1722 1549 1771 in
1583 1724 1686 1772 sole
1718 1722 1889 1771 ambu-

142 1831 195 1860 πο
215 1810 330 1869 lem,
360 1808 511 1858 etiam
547 1807 588 1857 si
624 1823 717 1870 ego
751 1805 899 1855 aliam
935 1806 1003 1855 ob
1039 1821 1241 1854 causam
1276 1805 1543 1864 ambulem,
1576 1803 1680 1852 fieri
1717 1812 1891 1853 natura

216 1899 398 1951 tamen,
426 1897 480 1938 ut
515 1889 720 1947 colorer‚
747 1886 832 1948 sic,
861 1903 976 1935 cum
1010 1886 1130 1935 istos
1166 1885 1317 1934 libros
1350 1887 1414 1934 ad
1450 1885 1890 1935 Misenum—nam

217 1973 413 2020 Romae
454 1968 535 2019 vix
572 1966 1028 2018 licet—studiosius
1066 1965 1283 2030 legerim,
1323 1965 1483 2015 sentio
1522 1965 1717 2015 illorum
1756 1974 1892 2015 tactu

217 2041 492 2103 orationem
526 2066 691 2100 meam
728 2048 869 2113 quasi
904 2047 1125 2098 colorari.
1200 2049 1300 2098 Sed
1336 2065 1400 2097 ne
1435 2047 1580 2097 latius
1617 2049 1713 2097 hoc
1748 2047 1891 2097 vobis

217 2141 384 2198 patere
420 2131 658 2192 videatur,
697 2132 822 2180 haec
857 2131 1114 2179 dumtaxat
1149 2128 1200 2178 in
1239 2128 1440 2178 Graecis
1477 2129 1723 2193 intellegO,
1763 2145 1891 2192 quae

143 2235 194 2278 25
217 2213 325 2279 ipsi,
343 2212 430 2278 qui
445 2213 757 2277 scripserunt,
775 2213 1036 2262 voluerunt
1054 2213 1201 2275 vulgo
1220 2210 1458 2274 intellegi:
1497 2210 1548 2259 in
1564 2211 1890 2275 philosophos

218 2305 406 2346 vestros
437 2294 479 2344 si
514 2295 719 2358 quando
755 2293 922 2355 incidi,
959 2295 1199 2357 deceptus
1230 2292 1480 2342 indicibus
1517 2292 1767 2352 librorum,
1804 2292 1891 2356 qui

218 2386 334 2427 sunt
356 2378 458 2427 fere
489 2375 712 2440 inscripti
745 2376 809 2424 de
845 2375 992 2425 rebus
1022 2374 1153 2424 notis
1187 2383 1236 2423 et
1270 2373 1570 2434 inlustribus,
1600 2375 1664 2423 de
1696 2373 1887 2435 virtute,

215 2459 281 2508 de
326 2457 524 2518 iustitia,
573 2458 639 2507 de
685 2457 959 2518 honestate,
1010 2457 1074 2505 de
1122 2457 1389 2518 voluptate,
1440 2455 1645 2504 verbum
1692 2471 1889 2518 prorsus

217 2540 410 2588 nullum
429 2538 662 2602 intellego
680 2555 693 2599 3
722 2537 789 2586 ita
805 2546 919 2586 sunt
932 2532 1153 2600 angustis
1173 2545 1222 2585 et
1237 2535 1449 2585 concisis
1469 2534 1889 2599 disputationibus

142 2643 197 2686 30
218 2619 440 2685 inligati3
492 2628 665 2684 poetas
701 2619 910 2668 omnino
946 2618 1087 2682 quasi
1116 2617 1212 2667 alia
1244 2619 1460 2681 quadam
1497 2617 1664 2682 lingua
1695 2619 1888 2668 locutos

273 2753 325 2792 M
343 2772 379 2787 =
400 2751 490 2792 HE
649 2752 676 2790 8
706 2751 924 2802 impolitus
945 2749 1008 2792 L:
1041 2750 1348 2802 incompositus
1368 2750 1422 2790 M
1578 2763 1628 2802 14
1656 2750 1798 2790 mirari
1823 2749 1885 2791 L:

217 2807 418 2848 admirari
450 2807 505 2847 M
642 2819 692 2857 19
722 2812 788 2845 est
827 2805 924 2846 add.
969 2805 1077 2845 Reid
1266 2806 1404 2845 fateor
1434 2805 1670 2845 Lambinus
1701 2819 1794 2844 cum
1826 2805 1887 2844 El

218 2875 272 2902 22
301 2868 415 2902 tactu
461 2860 536 2900 M:
582 2867 710 2902 cantu
750 2875 795 2900 m
1051 2871 1103 2910 25
1131 2860 1423 2913 scrip[serunt
1455 2860 1554 2899 redit
1583 2860 1625 2898 A
1666 2873 1761 2900 cum
1800 2860 1888 2898 suis

218 2919 273 2957 26
299 2918 372 2968 qui
400 2922 504 2958 sunt
531 2929 605 2957 m:
641 2928 751 2966 quos
774 2915 816 2953 A
840 2930 850 2955 t
886 2918 996 2965 quos
1019 2914 1130 2954 H¹E
1145 2929 1154 2955 :
1192 2916 1307 2965 quod
1333 2920 1434 2955 sunt
1457 2914 1493 2953 L
1520 2915 1631 2966 vulg.
1832 2927 1888 2965 29

218 2971 404 3012 concisis
422 2970 459 3009 L
478 2971 590 3023 vulg.
610 2985 620 3011 ε
657 2971 797 3021 longis
820 2969 914 3009 Mm

1911 132 1968 181 14
1994 130 2045 180 58

1915 921 1967 961 59

1912 1648 1967 1689 60

1912 2217 1962 2258 61
