<?xml version="1.0" encoding="UTF-8"?>
<!DOCTYPE html PUBLIC "-//W3C//DTD XHTML 1.0 Transitional//EN"
    "http://www.w3.org/TR/xhtml1/DTD/xhtml1-transitional.dtd">
<html xmlns="http://www.w3.org/1999/xhtml" xml:lang="en" lang="en">
 <head>
  <title>
</title>
<meta http-equiv="Content-Type" content="text/html;charset=utf-8" />
  <meta name='ocr-system' content='tesseract 3.04.00' />
  <meta name='ocr-capabilities' content='ocr_page ocr_carea ocr_par ocr_line ocrx_word'/>
</head>
<body>
  <div class='ocr_page' id='page_1' title='image "./rhetoricarecogno01ciceuoft_0076.png"; bbox 0 0 2150 3444; ppageno 0'>
   <div class='ocr_carea' id='block_1_1' title="bbox 155 1213 232 1254">
    <p class='ocr_par' dir='ltr' id='par_1_1' title="bbox 155 1213 232 1254">
     <span class='ocr_line' id='line_1_1' title="bbox 155 1213 232 1254; baseline 0 -13"><span class='ocrx_word' id='word_1_1' title='bbox 155 1213 232 1254; x_wconf 89' lang='lat'><strong>240</strong></span> 
     </span>
    </p>
   </div>
   <div class='ocr_carea' id='block_1_2' title="bbox 155 2216 218 2266">
    <p class='ocr_par' dir='ltr' id='par_1_2' title="bbox 155 2216 218 2266">
     <span class='ocr_line' id='line_1_2' title="bbox 155 2216 218 2266; baseline 0 0"><span class='ocrx_word' id='word_1_2' title='bbox 155 2216 218 2266; x_wconf 90' lang='grc'><strong>57</strong></span> 
     </span>
    </p>
   </div>
   <div class='ocr_carea' id='block_1_3' title="bbox 160 2291 234 2333">
    <p class='ocr_par' dir='ltr' id='par_1_3' title="bbox 160 2291 234 2333">
     <span class='ocr_line' id='line_1_3' title="bbox 160 2291 234 2333; baseline 0 -13"><span class='ocrx_word' id='word_1_3' title='bbox 160 2291 234 2333; x_wconf 87' lang='lat'><strong>241</strong></span> 
     </span>
    </p>
   </div>
   <div class='ocr_carea' id='block_1_4' title="bbox 163 2825 237 2865">
    <p class='ocr_par' dir='ltr' id='par_1_4' title="bbox 163 2825 237 2865">
     <span class='ocr_line' id='line_1_4' title="bbox 163 2825 237 2865; baseline 0 -12"><span class='ocrx_word' id='word_1_4' title='bbox 163 2825 237 2865; x_wconf 89' lang='lat'><strong>242</strong></span> 
     </span>
    </p>
   </div>
   <div class='ocr_carea' id='block_1_5' title="bbox 717 155 1456 207">
    <p class='ocr_par' dir='ltr' id='par_1_5' title="bbox 717 155 1456 207">
     <span class='ocr_line' id='line_1_5' title="bbox 717 155 1456 207; baseline 0.004 -3"><span class='ocrx_word' id='word_1_5' title='bbox 717 156 787 205; x_wconf 91' lang='lat' dir='ltr'><strong>M.</strong></span> <span class='ocrx_word' id='word_1_6' title='bbox 827 155 1036 205; x_wconf 91' lang='lat' dir='ltr'>TVLLI</span> <span class='ocrx_word' id='word_1_7' title='bbox 1076 156 1456 207; x_wconf 91' lang='lat' dir='ltr'>CICERONIS</span> 
     </span>
    </p>
   </div>
   <div class='ocr_carea' id='block_1_6' title="bbox 255 296 1997 2632">
    <p class='ocr_par' dir='ltr' id='par_1_6' title="bbox 255 296 1997 2632">
     <span class='ocr_line' id='line_1_6' title="bbox 257 296 1913 362; baseline 0.002 -16"><span class='ocrx_word' id='word_1_8' title='bbox 257 298 508 346; x_wconf 89' lang='lat' dir='ltr'><strong>consultus</strong></span> <span class='ocrx_word' id='word_1_9' title='bbox 556 296 775 360; x_wconf 85' lang='lat' dir='ltr'>superior</span> <span class='ocrx_word' id='word_1_10' title='bbox 821 296 963 347; x_wconf 90' lang='lat' dir='ltr'><strong>fuerit</strong></span> <span class='ocrx_word' id='word_1_11' title='bbox 1010 297 1326 358; x_wconf 81' lang='lat' dir='ltr'><strong>discessuruS,</strong></span> <span class='ocrx_word' id='word_1_12' title='bbox 1367 297 1453 362; x_wconf 89' lang='lat' dir='ltr'><strong>qui</strong></span> <span class='ocrx_word' id='word_1_13' title='bbox 1499 303 1626 348; x_wconf 87' lang='lat' dir='ltr'><strong>esset</strong></span> <span class='ocrx_word' id='word_1_14' title='bbox 1671 315 1774 349; x_wconf 89' lang='lat' dir='ltr'><strong>non</strong></span> <span class='ocrx_word' id='word_1_15' title='bbox 1823 312 1913 349; x_wconf 88' lang='lat' dir='ltr'><strong>suo</strong></span> 
     </span>
     <span class='ocr_line' id='line_1_7' title="bbox 255 377 1914 440; baseline 0.002 -14"><span class='ocrx_word' id='word_1_16' title='bbox 255 377 474 438; x_wconf 90' lang='lat' dir='ltr'><strong>artificio,</strong></span> <span class='ocrx_word' id='word_1_17' title='bbox 515 379 603 427; x_wconf 91' lang='lat' dir='ltr'><strong>sed</strong></span> <span class='ocrx_word' id='word_1_18' title='bbox 640 377 815 438; x_wconf 91' lang='lat' dir='ltr'><strong>alien0,</strong></span> <span class='ocrx_word' id='word_1_19' title='bbox 843 379 940 427; x_wconf 94' lang='lat' dir='ltr'><strong>hoc</strong></span> <span class='ocrx_word' id='word_1_20' title='bbox 975 385 1062 438; x_wconf 89' lang='lat' dir='ltr'><strong>est,</strong></span> <span class='ocrx_word' id='word_1_21' title='bbox 1111 394 1214 428; x_wconf 92' lang='lat' dir='ltr'><strong>non</strong></span> <span class='ocrx_word' id='word_1_22' title='bbox 1261 377 1376 428; x_wconf 91' lang='lat' dir='ltr'><strong>iuris</strong></span> <span class='ocrx_word' id='word_1_23' title='bbox 1418 378 1634 440; x_wconf 89' lang='lat' dir='ltr'><strong>scientia,</strong></span> <span class='ocrx_word' id='word_1_24' title='bbox 1683 379 1772 430; x_wconf 89' lang='lat' dir='ltr'><strong>sed</strong></span> <span class='ocrx_word' id='word_1_25' title='bbox 1817 381 1914 430; x_wconf 91' lang='lat' dir='ltr'><strong>elo-</strong></span> 
     </span>
     <span class='ocr_line' id='line_1_8' title="bbox 258 458 1916 524; baseline 0.002 -17"><span class='ocrx_word' id='word_1_26' title='bbox 258 459 471 522; x_wconf 87' lang='lat' dir='ltr'><strong>quentia,</strong></span> <span class='ocrx_word' id='word_1_27' title='bbox 521 468 831 508; x_wconf 84' lang='lat' dir='ltr'><strong>sustentatuS.</strong></span> <span class='ocrx_word' id='word_1_28' title='bbox 908 459 1154 523; x_wconf 85' lang='lat' dir='ltr'>Equidem</span> <span class='ocrx_word' id='word_1_29' title='bbox 1208 461 1307 510; x_wconf 94' lang='lat' dir='ltr'><strong>hoc</strong></span> <span class='ocrx_word' id='word_1_30' title='bbox 1352 477 1500 524; x_wconf 88' lang='lat' dir='ltr'><strong>saepe</strong></span> <span class='ocrx_word' id='word_1_31' title='bbox 1545 458 1742 511; x_wconf 60' lang='lat' dir='ltr'><strong>audivi:</strong></span> <span class='ocrx_word' id='word_1_32' title='bbox 1801 477 1916 511; x_wconf 85' lang='lat' dir='ltr'><strong>curn</strong></span> 
     </span>
     <span class='ocr_line' id='line_1_9' title="bbox 256 540 1916 606; baseline 0.002 -17"><span class='ocrx_word' id='word_1_33' title='bbox 256 540 555 589; x_wconf 85' lang='lat' dir='ltr'>aedilitatem</span> <span class='ocrx_word' id='word_1_34' title='bbox 595 543 647 589; x_wconf 90' lang='lat' dir='ltr'><strong>P.</strong></span> <span class='ocrx_word' id='word_1_35' title='bbox 677 542 882 591; x_wconf 84' lang='lat' dir='ltr'><strong>Crassus</strong></span> <span class='ocrx_word' id='word_1_36' title='bbox 917 549 1104 604; x_wconf 88' lang='lat' dir='ltr'><strong>peteret</strong></span> <span class='ocrx_word' id='word_1_37' title='bbox 1141 558 1356 606; x_wconf 90' lang='lat' dir='ltr'><strong>eumque</strong></span> <span class='ocrx_word' id='word_1_38' title='bbox 1390 542 1546 591; x_wconf 90' lang='lat' dir='ltr'><strong>maior</strong></span> <span class='ocrx_word' id='word_1_39' title='bbox 1580 552 1699 593; x_wconf 89' lang='lat' dir='ltr'><strong>natu</strong></span> <span class='ocrx_word' id='word_1_40' title='bbox 1733 550 1783 592; x_wconf 88' lang='lat' dir='ltr'><strong>et</strong></span> <span class='ocrx_word' id='word_1_41' title='bbox 1817 542 1916 592; x_wconf 87' lang='lat' dir='ltr'><strong>iam</strong></span> 
     </span>
     <span class='ocr_line' id='line_1_10' title="bbox 259 621 1963 686; baseline 0.004 -17"><span class='ocrx_word' id='word_1_42' title='bbox 259 621 526 670; x_wconf 90' lang='lat' dir='ltr'><strong>consularis</strong></span> <span class='ocrx_word' id='word_1_43' title='bbox 552 623 649 670; x_wconf 87' lang='lat' dir='ltr'><strong>Ser.</strong></span> <span class='ocrx_word' id='word_1_44' title='bbox 680 621 839 670; x_wconf 84' lang='lat' dir='ltr'>Galba</span> <span class='ocrx_word' id='word_1_45' title='bbox 874 622 1218 683; x_wconf 90' lang='lat' dir='ltr'><strong>adsectaretur,</strong></span> <span class='ocrx_word' id='word_1_46' title='bbox 1245 623 1383 686; x_wconf 88' lang='lat' dir='ltr'><strong>quod</strong></span> <span class='ocrx_word' id='word_1_47' title='bbox 1408 622 1571 673; x_wconf 86' lang='lat' dir='ltr'><strong>Crassi</strong></span> <span class='ocrx_word' id='word_1_48' title='bbox 1606 623 1758 680; x_wconf 88' lang='lat' dir='ltr'><strong>filiam</strong></span> <span class='ocrx_word' id='word_1_49' title='bbox 1789 622 1918 673; x_wconf 87' lang='lat' dir='ltr'><strong>Gaio</strong></span> <span class='ocrx_word' id='word_1_50' title='bbox 1940 635 1963 677; x_wconf 86' lang='lat'>5</span> 
     </span>
     <span class='ocr_line' id='line_1_11' title="bbox 258 701 1919 766; baseline 0.002 -15"><span class='ocrx_word' id='word_1_51' title='bbox 258 701 359 751; x_wconf 91' lang='lat' dir='ltr'><strong>filio</strong></span> <span class='ocrx_word' id='word_1_52' title='bbox 401 719 491 752; x_wconf 92' lang='lat' dir='ltr'><strong>suo</strong></span> <span class='ocrx_word' id='word_1_53' title='bbox 530 703 888 766; x_wconf 82' lang='lat' dir='ltr'><strong>despondisset,</strong></span> <span class='ocrx_word' id='word_1_54' title='bbox 928 704 1201 753; x_wconf 74' lang='lat' dir='ltr'><strong>accessissev</strong></span> <span class='ocrx_word' id='word_1_55' title='bbox 1233 705 1299 754; x_wconf 93' lang='lat' dir='ltr'><strong>ad</strong></span> <span class='ocrx_word' id='word_1_56' title='bbox 1347 705 1579 755; x_wconf 89' lang='lat' dir='ltr'><strong>Crassum</strong></span> <span class='ocrx_word' id='word_1_57' title='bbox 1626 704 1919 755; x_wconf 88' lang='lat' dir='ltr'><strong>consulendi</strong></span> 
     </span>
     <span class='ocr_line' id='line_1_12' title="bbox 260 785 1919 850; baseline 0.002 -18"><span class='ocrx_word' id='word_1_58' title='bbox 260 800 406 833; x_wconf 88' lang='lat' dir='ltr'><strong>causa</strong></span> <span class='ocrx_word' id='word_1_59' title='bbox 447 786 697 847; x_wconf 85' lang='lat' dir='ltr'><strong>quendam</strong></span> <span class='ocrx_word' id='word_1_60' title='bbox 735 785 1051 846; x_wconf 90' lang='lat' dir='ltr'><strong>rusticanum,</strong></span> <span class='ocrx_word' id='word_1_61' title='bbox 1091 786 1187 850; x_wconf 88' lang='lat' dir='ltr'><strong>qui.</strong></span> <span class='ocrx_word' id='word_1_62' title='bbox 1218 803 1331 835; x_wconf 91' lang='lat' dir='ltr'><strong>cum</strong></span> <span class='ocrx_word' id='word_1_63' title='bbox 1371 788 1605 837; x_wconf 89' lang='lat' dir='ltr'><strong>Crassum</strong></span> <span class='ocrx_word' id='word_1_64' title='bbox 1645 787 1919 837; x_wconf 87' lang='lat' dir='ltr'><strong>seduxisset</strong></span> 
     </span>
     <span class='ocr_line' id='line_1_13' title="bbox 257 865 1918 932; baseline 0.002 -18"><span class='ocrx_word' id='word_1_65' title='bbox 257 873 406 928; x_wconf 90' lang='lat' dir='ltr'><strong>atque</strong></span> <span class='ocrx_word' id='word_1_66' title='bbox 430 867 495 914; x_wconf 92' lang='lat' dir='ltr'><strong>ad</strong></span> <span class='ocrx_word' id='word_1_67' title='bbox 519 882 633 915; x_wconf 91' lang='lat' dir='ltr'><strong>eum</strong></span> <span class='ocrx_word' id='word_1_68' title='bbox 669 865 932 915; x_wconf 86' lang='lat' dir='ltr'><strong>rettulisset</strong></span> <span class='ocrx_word' id='word_1_69' title='bbox 967 883 1358 932; x_wconf 87' lang='lat' dir='ltr'><strong>responsumque</strong></span> <span class='ocrx_word' id='word_1_70' title='bbox 1386 869 1452 917; x_wconf 92' lang='lat' dir='ltr'><strong>ab</strong></span> <span class='ocrx_word' id='word_1_71' title='bbox 1484 886 1545 918; x_wconf 96' lang='lat' dir='ltr'><strong>eo</strong></span> <span class='ocrx_word' id='word_1_72' title='bbox 1567 885 1738 918; x_wconf 91' lang='lat' dir='ltr'><strong>verum</strong></span> <span class='ocrx_word' id='word_1_73' title='bbox 1762 868 1918 931; x_wconf 87' lang='lat' dir='ltr'><strong>magis</strong></span> 
     </span>
     <span class='ocr_line' id='line_1_14' title="bbox 258 948 1916 1011; baseline 0.002 -17"><span class='ocrx_word' id='word_1_74' title='bbox 258 963 408 1010; x_wconf 91' lang='lat' dir='ltr'><strong>quam</strong></span> <span class='ocrx_word' id='word_1_75' title='bbox 454 948 519 996; x_wconf 91' lang='lat' dir='ltr'><strong>ad</strong></span> <span class='ocrx_word' id='word_1_76' title='bbox 560 963 699 996; x_wconf 91' lang='lat' dir='ltr'><strong>suam</strong></span> <span class='ocrx_word' id='word_1_77' title='bbox 740 964 844 996; x_wconf 92' lang='lat' dir='ltr'><strong>rem</strong></span> <span class='ocrx_word' id='word_1_78' title='bbox 895 949 1329 998; x_wconf 91' lang='lat' dir='ltr'><strong>accommodatum</strong></span> <span class='ocrx_word' id='word_1_79' title='bbox 1368 950 1663 1011; x_wconf 90' lang='lat' dir='ltr'><strong>abstulisset,</strong></span> <span class='ocrx_word' id='word_1_80' title='bbox 1701 958 1758 999; x_wconf 92' lang='lat' dir='ltr'><strong>ut</strong></span> <span class='ocrx_word' id='word_1_81' title='bbox 1802 966 1916 999; x_wconf 90' lang='lat' dir='ltr'><strong>eum</strong></span> 
     </span>
     <span class='ocr_line' id='line_1_15' title="bbox 257 1027 1995 1094; baseline 0.003 -20"><span class='ocrx_word' id='word_1_82' title='bbox 257 1027 443 1076; x_wconf 89' lang='lat' dir='ltr'><strong>tristem</strong></span> <span class='ocrx_word' id='word_1_83' title='bbox 484 1027 643 1076; x_wconf 90' lang='lat' dir='ltr'><strong>Galba</strong></span> <span class='ocrx_word' id='word_1_84' title='bbox 667 1027 802 1087; x_wconf 90' lang='lat' dir='ltr'><strong>vidit,</strong></span> <span class='ocrx_word' id='word_1_85' title='bbox 829 1028 1032 1077; x_wconf 90' lang='lat' dir='ltr'><strong>nomine</strong></span> <span class='ocrx_word' id='word_1_86' title='bbox 1055 1029 1318 1092; x_wconf 89' lang='lat' dir='ltr'><strong>appellavit</strong></span> <span class='ocrx_word' id='word_1_87' title='bbox 1349 1029 1701 1094; x_wconf 89' lang='lat' dir='ltr'><strong>quaesivitque,</strong></span> <span class='ocrx_word' id='word_1_88' title='bbox 1727 1043 1826 1094; x_wconf 88' lang='lat' dir='ltr'><strong>qua</strong></span> <span class='ocrx_word' id='word_1_89' title='bbox 1854 1031 1919 1079; x_wconf 87' lang='lat' dir='ltr'><strong>de</strong></span> <span class='ocrx_word' id='word_1_90' title='bbox 1943 1041 1995 1072; x_wconf 81' lang='lat'><strong>¹0</strong></span> 
     </span>
     <span class='ocr_line' id='line_1_16' title="bbox 258 1107 1920 1174; baseline 0.002 -17"><span class='ocrx_word' id='word_1_91' title='bbox 258 1125 309 1157; x_wconf 91' lang='lat' dir='ltr'><strong>re</strong></span> <span class='ocrx_word' id='word_1_92' title='bbox 332 1109 397 1157; x_wconf 92' lang='lat' dir='ltr'><strong>ad</strong></span> <span class='ocrx_word' id='word_1_93' title='bbox 423 1109 655 1157; x_wconf 90' lang='lat' dir='ltr'><strong>Crassum</strong></span> <span class='ocrx_word' id='word_1_94' title='bbox 679 1108 943 1157; x_wconf 91' lang='lat' dir='ltr'><strong>rettulisset</strong></span> <span class='ocrx_word' id='word_1_95' title='bbox 961 1127 975 1169; x_wconf 87' lang='lat'>;</span> <span class='ocrx_word' id='word_1_96' title='bbox 1010 1125 1069 1158; x_wconf 90' lang='lat' dir='ltr'><strong>ex</strong></span> <span class='ocrx_word' id='word_1_97' title='bbox 1093 1125 1193 1173; x_wconf 90' lang='lat' dir='ltr'><strong>quo</strong></span> <span class='ocrx_word' id='word_1_98' title='bbox 1217 1117 1272 1159; x_wconf 88' lang='lat' dir='ltr'><strong>ut</strong></span> <span class='ocrx_word' id='word_1_99' title='bbox 1302 1110 1490 1160; x_wconf 91' lang='lat' dir='ltr'><strong>audivit</strong></span> <span class='ocrx_word' id='word_1_100' title='bbox 1514 1107 1920 1174; x_wconf 86' lang='lat' dir='ltr'><strong>commotumque</strong></span> 
     </span>
     <span class='ocr_line' id='line_1_17' title="bbox 258 1188 1921 1255; baseline 0.003 -18"><span class='ocrx_word' id='word_1_101' title='bbox 258 1198 312 1238; x_wconf 92' lang='lat' dir='ltr'><strong>ut</strong></span> <span class='ocrx_word' id='word_1_102' title='bbox 348 1188 470 1238; x_wconf 88' lang='lat' dir='ltr'><strong>vidit</strong></span> <span class='ocrx_word' id='word_1_103' title='bbox 507 1189 776 1249; x_wconf 90' lang='lat' dir='ltr'><strong>hominem,</strong></span> <span class='ocrx_word' id='word_1_104' title='bbox 825 1191 1119 1253; x_wconf 89' lang='lat' dir='ltr'><strong>‘suspenso&#39;</strong></span> <span class='ocrx_word' id='word_1_105' title='bbox 1155 1190 1315 1255; x_wconf 89' lang='lat' dir='ltr'><strong>inquit</strong></span> <span class='ocrx_word' id='word_1_106' title='bbox 1355 1191 1550 1241; x_wconf 91' lang='lat' dir='ltr'><strong>‘animo</strong></span> <span class='ocrx_word' id='word_1_107' title='bbox 1590 1201 1640 1241; x_wconf 94' lang='lat' dir='ltr'><strong>et</strong></span> <span class='ocrx_word' id='word_1_108' title='bbox 1676 1200 1921 1255; x_wconf 89' lang='lat' dir='ltr'><strong>occupato</strong></span> 
     </span>
     <span class='ocr_line' id='line_1_18' title="bbox 260 1269 1921 1336; baseline 0.001 -17"><span class='ocrx_word' id='word_1_109' title='bbox 260 1271 492 1320; x_wconf 89' lang='lat' dir='ltr'><strong>Crassum</strong></span> <span class='ocrx_word' id='word_1_110' title='bbox 539 1269 629 1318; x_wconf 89' lang='lat' dir='ltr'><strong>tibi</strong></span> <span class='ocrx_word' id='word_1_111' title='bbox 676 1270 988 1333; x_wconf 90' lang='lat' dir='ltr'><strong>respondisse</strong></span> <span class='ocrx_word' id='word_1_112' title='bbox 1026 1269 1202 1331; x_wconf 91' lang='lat' dir='ltr'><strong>video,&#39;</strong></span> <span class='ocrx_word' id='word_1_113' title='bbox 1249 1271 1431 1321; x_wconf 91' lang='lat' dir='ltr'><strong>deinde</strong></span> <span class='ocrx_word' id='word_1_114' title='bbox 1477 1271 1640 1336; x_wconf 90' lang='lat' dir='ltr'><strong>ipsum</strong></span> <span class='ocrx_word' id='word_1_115' title='bbox 1687 1273 1921 1323; x_wconf 89' lang='lat' dir='ltr'><strong>Crassum</strong></span> 
     </span>
     <span class='ocr_line' id='line_1_19' title="bbox 259 1350 1919 1417; baseline 0.001 -18"><span class='ocrx_word' id='word_1_116' title='bbox 259 1367 409 1400; x_wconf 90' lang='lat' dir='ltr'><strong>manu</strong></span> <span class='ocrx_word' id='word_1_117' title='bbox 447 1350 708 1414; x_wconf 87' lang='lat' dir='ltr'><strong>prehendit</strong></span> <span class='ocrx_word' id='word_1_118' title='bbox 747 1360 796 1400; x_wconf 95' lang='lat' dir='ltr'><strong>et</strong></span> <span class='ocrx_word' id='word_1_119' title='bbox 838 1353 987 1400; x_wconf 91' lang='lat' dir='ltr'><strong>‘heus</strong></span> <span class='ocrx_word' id='word_1_120' title='bbox 1026 1354 1110 1412; x_wconf 91' lang='lat' dir='ltr'><strong>tu‚&#39;</strong></span> <span class='ocrx_word' id='word_1_121' title='bbox 1143 1352 1302 1416; x_wconf 88' lang='lat' dir='ltr'><strong>inquit</strong></span> <span class='ocrx_word' id='word_1_122' title='bbox 1337 1357 1348 1378; x_wconf 94' lang='lat'>‘</span> <span class='ocrx_word' id='word_1_123' title='bbox 1368 1353 1488 1417; x_wconf 91' lang='lat' dir='ltr'><strong>quid</strong></span> <span class='ocrx_word' id='word_1_124' title='bbox 1512 1353 1602 1402; x_wconf 92' lang='lat' dir='ltr'><strong>tibi</strong></span> <span class='ocrx_word' id='word_1_125' title='bbox 1626 1353 1677 1402; x_wconf 92' lang='lat' dir='ltr'><strong>in</strong></span> <span class='ocrx_word' id='word_1_126' title='bbox 1701 1361 1919 1402; x_wconf 89' lang='lat' dir='ltr'><strong>mentem</strong></span> 
     </span>
     <span class='ocr_line' id='line_1_20' title="bbox 258 1431 1994 1497; baseline 0.003 -16"><span class='ocrx_word' id='word_1_127' title='bbox 258 1431 391 1481; x_wconf 89' lang='lat' dir='ltr'><strong>venit</strong></span> <span class='ocrx_word' id='word_1_128' title='bbox 410 1431 476 1481; x_wconf 90' lang='lat' dir='ltr'><strong>ita</strong></span> <span class='ocrx_word' id='word_1_129' title='bbox 495 1433 793 1495; x_wconf 92' lang='lat' dir='ltr'><strong>respondere</strong></span> <span class='ocrx_word' id='word_1_130' title='bbox 811 1433 832 1481; x_wconf 88' lang='lat'>?</span> <span class='ocrx_word' id='word_1_131' title='bbox 848 1434 859 1456; x_wconf 86' lang='lat'>&#39;</span> <span class='ocrx_word' id='word_1_132' title='bbox 928 1434 1060 1481; x_wconf 92' lang='lat' dir='ltr'><strong>Tum</strong></span> <span class='ocrx_word' id='word_1_133' title='bbox 1085 1431 1166 1482; x_wconf 90' lang='lat' dir='ltr'><strong>ille</strong></span> <span class='ocrx_word' id='word_1_134' title='bbox 1190 1434 1399 1482; x_wconf 90' lang='lat' dir='ltr'><strong>fidenter</strong></span> <span class='ocrx_word' id='word_1_135' title='bbox 1422 1435 1575 1484; x_wconf 92' lang='lat' dir='ltr'><strong>homo</strong></span> <span class='ocrx_word' id='word_1_136' title='bbox 1599 1432 1920 1497; x_wconf 90' lang='lat' dir='ltr'><strong>peritissimus</strong></span> <span class='ocrx_word' id='word_1_137' title='bbox 1946 1445 1994 1487; x_wconf 83' lang='lat'><strong>15</strong></span> 
     </span>
     <span class='ocr_line' id='line_1_21' title="bbox 260 1512 1921 1576; baseline 0.001 -14"><span class='ocrx_word' id='word_1_138' title='bbox 260 1513 549 1562; x_wconf 89' lang='lat' dir='ltr'><strong>confirmare</strong></span> <span class='ocrx_word' id='word_1_139' title='bbox 574 1512 640 1561; x_wconf 90' lang='lat' dir='ltr'><strong>ita</strong></span> <span class='ocrx_word' id='word_1_140' title='bbox 679 1529 731 1561; x_wconf 93' lang='lat' dir='ltr'><strong>se</strong></span> <span class='ocrx_word' id='word_1_141' title='bbox 769 1529 871 1562; x_wconf 91' lang='lat' dir='ltr'><strong>rem</strong></span> <span class='ocrx_word' id='word_1_142' title='bbox 911 1513 1107 1573; x_wconf 89' lang='lat' dir='ltr'><strong>habere,</strong></span> <span class='ocrx_word' id='word_1_143' title='bbox 1133 1521 1188 1563; x_wconf 92' lang='lat' dir='ltr'><strong>ut</strong></span> <span class='ocrx_word' id='word_1_144' title='bbox 1220 1513 1568 1576; x_wconf 90' lang='lat' dir='ltr'><strong>respondisset,</strong></span> <span class='ocrx_word' id='word_1_145' title='bbox 1595 1529 1688 1563; x_wconf 91' lang='lat' dir='ltr'><strong>nec</strong></span> <span class='ocrx_word' id='word_1_146' title='bbox 1712 1513 1921 1563; x_wconf 91' lang='lat' dir='ltr'><strong>dubium</strong></span> 
     </span>
     <span class='ocr_line' id='line_1_22' title="bbox 259 1593 1922 1658; baseline 0.001 -16"><span class='ocrx_word' id='word_1_147' title='bbox 259 1609 366 1642; x_wconf 89' lang='lat' dir='ltr'><strong>esse</strong></span> <span class='ocrx_word' id='word_1_148' title='bbox 390 1608 568 1656; x_wconf 79' lang='lat' dir='ltr'><strong>posse3</strong></span> <span class='ocrx_word' id='word_1_149' title='bbox 617 1593 778 1642; x_wconf 89' lang='lat' dir='ltr'><strong>Galba</strong></span> <span class='ocrx_word' id='word_1_150' title='bbox 809 1601 975 1642; x_wconf 92' lang='lat' dir='ltr'><strong>autem</strong></span> <span class='ocrx_word' id='word_1_151' title='bbox 1007 1594 1251 1643; x_wconf 91' lang='lat' dir='ltr'><strong>adludens</strong></span> <span class='ocrx_word' id='word_1_152' title='bbox 1283 1594 1413 1643; x_wconf 92' lang='lat' dir='ltr'><strong>varie</strong></span> <span class='ocrx_word' id='word_1_153' title='bbox 1445 1603 1493 1644; x_wconf 89' lang='lat' dir='ltr'><strong>et</strong></span> <span class='ocrx_word' id='word_1_154' title='bbox 1518 1594 1719 1658; x_wconf 89' lang='lat' dir='ltr'><strong>copiose</strong></span> <span class='ocrx_word' id='word_1_155' title='bbox 1743 1595 1922 1644; x_wconf 88' lang='lat' dir='ltr'><strong>multas</strong></span> 
     </span>
     <span class='ocr_line' id='line_1_23' title="bbox 259 1674 1922 1738; baseline 0.001 -16"><span class='ocrx_word' id='word_1_156' title='bbox 259 1674 603 1723; x_wconf 90' lang='lat' dir='ltr'><strong>similitudines</strong></span> <span class='ocrx_word' id='word_1_157' title='bbox 649 1675 838 1724; x_wconf 89' lang='lat' dir='ltr'><strong>adferre</strong></span> <span class='ocrx_word' id='word_1_158' title='bbox 886 1675 1139 1738; x_wconf 87' lang='lat' dir='ltr'><strong>multaque</strong></span> <span class='ocrx_word' id='word_1_159' title='bbox 1185 1691 1275 1738; x_wconf 95' lang='lat' dir='ltr'><strong>pro</strong></span> <span class='ocrx_word' id='word_1_160' title='bbox 1321 1675 1569 1738; x_wconf 89' lang='lat' dir='ltr'><strong>aequitate</strong></span> <span class='ocrx_word' id='word_1_161' title='bbox 1627 1683 1797 1724; x_wconf 88' lang='lat' dir='ltr'><strong>contra</strong></span> <span class='ocrx_word' id='word_1_162' title='bbox 1846 1674 1922 1723; x_wconf 91' lang='lat' dir='ltr'><strong>ius</strong></span> 
     </span>
     <span class='ocr_line' id='line_1_24' title="bbox 260 1755 1924 1819; baseline 0.001 -15"><span class='ocrx_word' id='word_1_163' title='bbox 260 1755 455 1817; x_wconf 72' lang='lat' dir='ltr'><strong>dicere,</strong></span> <span class='ocrx_word' id='word_1_164' title='bbox 489 1764 638 1819; x_wconf 89' lang='lat' dir='ltr'><strong>atque</strong></span> <span class='ocrx_word' id='word_1_165' title='bbox 662 1755 814 1815; x_wconf 90' lang='lat' dir='ltr'><strong>illum,</strong></span> <span class='ocrx_word' id='word_1_166' title='bbox 843 1771 957 1804; x_wconf 91' lang='lat' dir='ltr'><strong>cum</strong></span> <span class='ocrx_word' id='word_1_167' title='bbox 990 1755 1279 1805; x_wconf 91' lang='lat' dir='ltr'><strong>disserendo</strong></span> <span class='ocrx_word' id='word_1_168' title='bbox 1311 1772 1398 1819; x_wconf 91' lang='lat' dir='ltr'><strong>par</strong></span> <span class='ocrx_word' id='word_1_169' title='bbox 1430 1773 1537 1805; x_wconf 92' lang='lat' dir='ltr'><strong>esse</strong></span> <span class='ocrx_word' id='word_1_170' title='bbox 1561 1772 1663 1806; x_wconf 92' lang='lat' dir='ltr'><strong>non</strong></span> <span class='ocrx_word' id='word_1_171' title='bbox 1687 1764 1924 1819; x_wconf 90' lang='lat' dir='ltr'><strong>posset—-</strong></span> 
     </span>
     <span class='ocr_line' id='line_1_25' title="bbox 260 1836 1997 1900; baseline -0.002 -14"><span class='ocrx_word' id='word_1_172' title='bbox 260 1854 563 1900; x_wconf 89' lang='lat' dir='ltr'><strong>quamquam</strong></span> <span class='ocrx_word' id='word_1_173' title='bbox 609 1836 699 1886; x_wconf 92' lang='lat' dir='ltr'><strong>fuit</strong></span> <span class='ocrx_word' id='word_1_174' title='bbox 747 1838 952 1886; x_wconf 88' lang='lat' dir='ltr'><strong>Crassus</strong></span> <span class='ocrx_word' id='word_1_175' title='bbox 1000 1836 1050 1884; x_wconf 92' lang='lat' dir='ltr'><strong>in</strong></span> <span class='ocrx_word' id='word_1_176' title='bbox 1097 1853 1304 1885; x_wconf 90' lang='lat' dir='ltr'><strong>numero</strong></span> <span class='ocrx_word' id='word_1_177' title='bbox 1351 1836 1659 1897; x_wconf 90' lang='lat' dir='ltr'><strong>disertorum,</strong></span> <span class='ocrx_word' id='word_1_178' title='bbox 1699 1838 1788 1886; x_wconf 90' lang='lat' dir='ltr'><strong>sed</strong></span> <span class='ocrx_word' id='word_1_179' title='bbox 1835 1852 1923 1900; x_wconf 91' lang='lat' dir='ltr'><strong>par</strong></span> <span class='ocrx_word' id='word_1_180' title='bbox 1947 1851 1997 1881; x_wconf 86' lang='lat'><strong>20</strong></span> 
     </span>
     <span class='ocr_line' id='line_1_26' title="bbox 261 1917 1923 1981; baseline 0 -14"><span class='ocrx_word' id='word_1_181' title='bbox 261 1919 450 1968; x_wconf 90' lang='lat' dir='ltr'><strong>Galbae</strong></span> <span class='ocrx_word' id='word_1_182' title='bbox 497 1919 633 1967; x_wconf 93' lang='lat' dir='ltr'><strong>nullo</strong></span> <span class='ocrx_word' id='word_1_183' title='bbox 675 1919 963 1967; x_wconf 90' lang='lat' dir='ltr'><strong>modo—ad</strong></span> <span class='ocrx_word' id='word_1_184' title='bbox 1003 1926 1227 1966; x_wconf 89' lang='lat' dir='ltr'><strong>auctores</strong></span> <span class='ocrx_word' id='word_1_185' title='bbox 1276 1917 1553 1981; x_wconf 86' lang='lat' dir='ltr'><strong>confugisse</strong></span> <span class='ocrx_word' id='word_1_186' title='bbox 1590 1926 1640 1967; x_wconf 92' lang='lat' dir='ltr'><strong>et</strong></span> <span class='ocrx_word' id='word_1_187' title='bbox 1680 1917 1746 1978; x_wconf 92' lang='lat' dir='ltr'><strong>id,</strong></span> <span class='ocrx_word' id='word_1_188' title='bbox 1786 1919 1923 1981; x_wconf 92' lang='lat' dir='ltr'><strong>quod</strong></span> 
     </span>
     <span class='ocr_line' id='line_1_27' title="bbox 260 1998 1923 2063; baseline -0.001 -14"><span class='ocrx_word' id='word_1_189' title='bbox 260 2000 365 2063; x_wconf 93' lang='lat' dir='ltr'><strong>ipse</strong></span> <span class='ocrx_word' id='word_1_190' title='bbox 390 2000 587 2059; x_wconf 91' lang='lat' dir='ltr'><strong>diceret,</strong></span> <span class='ocrx_word' id='word_1_191' title='bbox 615 2008 662 2048; x_wconf 93' lang='lat' dir='ltr'><strong>et</strong></span> <span class='ocrx_word' id='word_1_192' title='bbox 691 1999 742 2047; x_wconf 90' lang='lat' dir='ltr'><strong>in</strong></span> <span class='ocrx_word' id='word_1_193' title='bbox 776 2002 827 2047; x_wconf 91' lang='lat' dir='ltr'><strong>P.</strong></span> <span class='ocrx_word' id='word_1_194' title='bbox 859 1998 999 2048; x_wconf 91' lang='lat' dir='ltr'><strong>Muci</strong></span> <span class='ocrx_word' id='word_1_195' title='bbox 1030 1998 1187 2048; x_wconf 90' lang='lat' dir='ltr'><strong>fratris</strong></span> <span class='ocrx_word' id='word_1_196' title='bbox 1225 1999 1300 2048; x_wconf 90' lang='lat' dir='ltr'><strong>sui</strong></span> <span class='ocrx_word' id='word_1_197' title='bbox 1336 1999 1470 2048; x_wconf 93' lang='lat' dir='ltr'><strong>libris</strong></span> <span class='ocrx_word' id='word_1_198' title='bbox 1506 2007 1554 2048; x_wconf 95' lang='lat' dir='ltr'><strong>et</strong></span> <span class='ocrx_word' id='word_1_199' title='bbox 1590 1999 1641 2048; x_wconf 91' lang='lat' dir='ltr'><strong>in</strong></span> <span class='ocrx_word' id='word_1_200' title='bbox 1677 2000 1783 2048; x_wconf 88' lang='lat' dir='ltr'><strong>Sex.</strong></span> <span class='ocrx_word' id='word_1_201' title='bbox 1811 1998 1923 2048; x_wconf 91' lang='lat' dir='ltr'><strong>Aeli</strong></span> 
     </span>
     <span class='ocr_line' id='line_1_28' title="bbox 261 2078 1923 2142; baseline -0.001 -12"><span class='ocrx_word' id='word_1_202' title='bbox 261 2080 624 2130; x_wconf 89' lang='lat' dir='ltr'><strong>commentariis</strong></span> <span class='ocrx_word' id='word_1_203' title='bbox 672 2079 905 2142; x_wconf 88' lang='lat' dir='ltr'><strong>scriptum</strong></span> <span class='ocrx_word' id='word_1_204' title='bbox 963 2078 1223 2142; x_wconf 90' lang='lat' dir='ltr'><strong>protulisse</strong></span> <span class='ocrx_word' id='word_1_205' title='bbox 1280 2096 1339 2128; x_wconf 93' lang='grc'>36</span> <span class='ocrx_word' id='word_1_206' title='bbox 1396 2088 1562 2129; x_wconf 92' lang='lat' dir='ltr'><strong>tamen</strong></span> <span class='ocrx_word' id='word_1_207' title='bbox 1621 2079 1923 2128; x_wconf 90' lang='lat' dir='ltr'><strong>concessisse</strong></span> 
     </span>
     <span class='ocr_line' id='line_1_29' title="bbox 262 2159 1918 2224; baseline -0.002 -13"><span class='ocrx_word' id='word_1_208' title='bbox 262 2162 451 2211; x_wconf 91' lang='lat' dir='ltr'><strong>Galbae</strong></span> <span class='ocrx_word' id='word_1_209' title='bbox 476 2161 861 2224; x_wconf 89' lang='lat' dir='ltr'><strong>disputationem</strong></span> <span class='ocrx_word' id='word_1_210' title='bbox 886 2159 979 2209; x_wconf 90' lang='lat' dir='ltr'><strong>sibi</strong></span> <span class='ocrx_word' id='word_1_211' title='bbox 997 2160 1304 2223; x_wconf 89' lang='lat' dir='ltr'><strong>probabilem</strong></span> <span class='ocrx_word' id='word_1_212' title='bbox 1325 2168 1373 2209; x_wconf 91' lang='lat' dir='ltr'><strong>et</strong></span> <span class='ocrx_word' id='word_1_213' title='bbox 1391 2176 1546 2223; x_wconf 91' lang='lat' dir='ltr'><strong>prope</strong></span> <span class='ocrx_word' id='word_1_214' title='bbox 1563 2176 1727 2209; x_wconf 90' lang='lat' dir='ltr'><strong>veram</strong></span> <span class='ocrx_word' id='word_1_215' title='bbox 1751 2159 1918 2209; x_wconf 75' lang='lat' dir='ltr'><strong>videri.</strong></span> 
     </span>
     <span class='ocr_line' id='line_1_30' title="bbox 262 2240 1994 2305; baseline -0.002 -14"><span class='ocrx_word' id='word_1_216' title='bbox 262 2246 338 2291; x_wconf 91' lang='lat' dir='ltr'><strong>Ac</strong></span> <span class='ocrx_word' id='word_1_217' title='bbox 369 2252 549 2302; x_wconf 89' lang='lat' dir='ltr'><strong>tamen,</strong></span> <span class='ocrx_word' id='word_1_218' title='bbox 581 2258 708 2305; x_wconf 89' lang='lat' dir='ltr'><strong>quae</strong></span> <span class='ocrx_word' id='word_1_219' title='bbox 746 2258 923 2291; x_wconf 92' lang='lat' dir='ltr'><strong>causae</strong></span> <span class='ocrx_word' id='word_1_220' title='bbox 959 2250 1073 2291; x_wconf 91' lang='lat' dir='ltr'><strong>sunt</strong></span> <span class='ocrx_word' id='word_1_221' title='bbox 1109 2241 1213 2291; x_wconf 90' lang='lat' dir='ltr'><strong>eius</strong></span> <span class='ocrx_word' id='word_1_222' title='bbox 1250 2241 1401 2301; x_wconf 88' lang='lat' dir='ltr'><strong>modi,</strong></span> <span class='ocrx_word' id='word_1_223' title='bbox 1427 2250 1482 2290; x_wconf 92' lang='lat' dir='ltr'><strong>ut</strong></span> <span class='ocrx_word' id='word_1_224' title='bbox 1517 2243 1581 2290; x_wconf 92' lang='lat' dir='ltr'><strong>de</strong></span> <span class='ocrx_word' id='word_1_225' title='bbox 1616 2255 1783 2290; x_wconf 89' lang='lat' dir='ltr'><strong>earum</strong></span> <span class='ocrx_word' id='word_1_226' title='bbox 1818 2240 1922 2290; x_wconf 90' lang='lat' dir='ltr'><strong>iure</strong></span> <span class='ocrx_word' id='word_1_227' title='bbox 1946 2257 1994 2297; x_wconf 85' lang='lat'><strong>²5</strong></span> 
     </span>
     <span class='ocr_line' id='line_1_31' title="bbox 262 2322 1922 2387; baseline -0.002 -14"><span class='ocrx_word' id='word_1_228' title='bbox 262 2323 470 2373; x_wconf 92' lang='lat' dir='ltr'><strong>dubium</strong></span> <span class='ocrx_word' id='word_1_229' title='bbox 511 2340 617 2372; x_wconf 91' lang='lat' dir='ltr'><strong>esse</strong></span> <span class='ocrx_word' id='word_1_230' title='bbox 655 2340 757 2372; x_wconf 89' lang='lat' dir='ltr'><strong>non</strong></span> <span class='ocrx_word' id='word_1_231' title='bbox 795 2323 963 2387; x_wconf 92' lang='lat' dir='ltr'><strong>possit,</strong></span> <span class='ocrx_word' id='word_1_232' title='bbox 1005 2323 1210 2373; x_wconf 91' lang='lat' dir='ltr'><strong>omnino</strong></span> <span class='ocrx_word' id='word_1_233' title='bbox 1249 2323 1299 2371; x_wconf 91' lang='lat' dir='ltr'><strong>in</strong></span> <span class='ocrx_word' id='word_1_234' title='bbox 1338 2322 1575 2372; x_wconf 90' lang='lat' dir='ltr'><strong>iudicium</strong></span> <span class='ocrx_word' id='word_1_235' title='bbox 1616 2322 1780 2371; x_wconf 90' lang='lat' dir='ltr'><strong>vocari</strong></span> <span class='ocrx_word' id='word_1_236' title='bbox 1819 2339 1922 2371; x_wconf 90' lang='lat' dir='ltr'><strong>non</strong></span> 
     </span>
     <span class='ocr_line' id='line_1_32' title="bbox 263 2403 1924 2468; baseline -0.002 -13"><span class='ocrx_word' id='word_1_237' title='bbox 263 2407 434 2455; x_wconf 91' lang='lat' dir='ltr'><strong>solent.</strong></span> <span class='ocrx_word' id='word_1_238' title='bbox 509 2407 644 2454; x_wconf 91' lang='lat' dir='ltr'><strong>Num</strong></span> <span class='ocrx_word' id='word_1_239' title='bbox 687 2405 796 2468; x_wconf 92' lang='lat' dir='ltr'><strong>quis</strong></span> <span class='ocrx_word' id='word_1_240' title='bbox 833 2422 893 2454; x_wconf 92' lang='lat' dir='ltr'><strong>eo</strong></span> <span class='ocrx_word' id='word_1_241' title='bbox 929 2414 1239 2465; x_wconf 90' lang='lat' dir='ltr'><strong>testamento,</strong></span> <span class='ocrx_word' id='word_1_242' title='bbox 1268 2405 1405 2468; x_wconf 91' lang='lat' dir='ltr'><strong>quod</strong></span> <span class='ocrx_word' id='word_1_243' title='bbox 1440 2403 1785 2468; x_wconf 86' lang='lat' dir='ltr'><strong>paterfamilias</strong></span> <span class='ocrx_word' id='word_1_244' title='bbox 1809 2411 1924 2452; x_wconf 89' lang='lat' dir='ltr'><strong>ante</strong></span> 
     </span>
     <span class='ocr_line' id='line_1_33' title="bbox 262 2485 1925 2550; baseline -0.001 -15"><span class='ocrx_word' id='word_1_245' title='bbox 262 2487 376 2536; x_wconf 90' lang='lat' dir='ltr'><strong>fecit</strong></span> <span class='ocrx_word' id='word_1_246' title='bbox 402 2503 550 2550; x_wconf 91' lang='lat' dir='ltr'><strong>quam</strong></span> <span class='ocrx_word' id='word_1_247' title='bbox 576 2486 620 2535; x_wconf 92' lang='lat' dir='ltr'><strong>ei</strong></span> <span class='ocrx_word' id='word_1_248' title='bbox 645 2487 772 2536; x_wconf 91' lang='lat' dir='ltr'><strong>filius</strong></span> <span class='ocrx_word' id='word_1_249' title='bbox 804 2495 947 2536; x_wconf 92' lang='lat' dir='ltr'><strong>natus</strong></span> <span class='ocrx_word' id='word_1_250' title='bbox 978 2496 1118 2547; x_wconf 90' lang='lat' dir='ltr'><strong>esset,</strong></span> <span class='ocrx_word' id='word_1_251' title='bbox 1147 2486 1470 2536; x_wconf 91' lang='lat' dir='ltr'><strong>hereditatem</strong></span> <span class='ocrx_word' id='word_1_252' title='bbox 1502 2485 1661 2550; x_wconf 87' lang='lat' dir='ltr'><strong>petit?</strong></span> <span class='ocrx_word' id='word_1_253' title='bbox 1729 2487 1894 2535; x_wconf 85' lang='lat' dir='ltr'><strong>Nemo</strong></span> <span class='ocrx_word' id='word_1_254' title='bbox 1910 2502 1925 2546; x_wconf 84' lang='lat'>3</span> 
     </span>
     <span class='ocr_line' id='line_1_34' title="bbox 263 2566 1924 2632; baseline -0.001 -15"><span class='ocrx_word' id='word_1_255' title='bbox 263 2569 378 2632; x_wconf 92' lang='lat' dir='ltr'><strong>quia</strong></span> <span class='ocrx_word' id='word_1_256' title='bbox 416 2577 607 2617; x_wconf 91' lang='lat' dir='ltr'><strong>constat</strong></span> <span class='ocrx_word' id='word_1_257' title='bbox 630 2570 960 2632; x_wconf 73' lang='lat' dir='ltr'><strong>‘agnascendo</strong></span> <span class='ocrx_word' id='word_1_258' title='bbox 998 2568 1158 2631; x_wconf 90' lang='lat' dir='ltr'><strong>rumpi</strong></span> <span class='ocrx_word' id='word_1_259' title='bbox 1183 2576 1567 2628; x_wconf 81' lang='lat' dir='ltr'><strong>testamentum3</strong></span> <span class='ocrx_word' id='word_1_260' title='bbox 1601 2583 1716 2630; x_wconf 88' lang='lat' dir='ltr'><strong>ergo</strong></span> <span class='ocrx_word' id='word_1_261' title='bbox 1740 2566 1791 2615; x_wconf 92' lang='lat' dir='ltr'><strong>in</strong></span> <span class='ocrx_word' id='word_1_262' title='bbox 1826 2568 1924 2615; x_wconf 93' lang='lat' dir='ltr'><strong>hoc</strong></span> 
     </span>
    </p>
   </div>
   <div class='ocr_carea' id='block_1_7' title="bbox 262 2646 2087 2712">
    <p class='ocr_par' dir='ltr' id='par_1_7' title="bbox 262 2646 2087 2712">
     <span class='ocr_line' id='line_1_35' title="bbox 262 2646 2087 2712; baseline -0.001 -15"><span class='ocrx_word' id='word_1_263' title='bbox 262 2666 438 2712; x_wconf 87' lang='lat' dir='ltr'><strong>genere</strong></span> <span class='ocrx_word' id='word_1_264' title='bbox 473 2650 589 2699; x_wconf 90' lang='lat' dir='ltr'><strong>iuris</strong></span> <span class='ocrx_word' id='word_1_265' title='bbox 623 2650 804 2700; x_wconf 90' lang='lat' dir='ltr'><strong>iudicia</strong></span> <span class='ocrx_word' id='word_1_266' title='bbox 845 2652 979 2699; x_wconf 92' lang='lat' dir='ltr'><strong>nulla</strong></span> <span class='ocrx_word' id='word_1_267' title='bbox 1011 2658 1153 2699; x_wconf 86' lang='lat' dir='ltr'><strong>sunt:</strong></span> <span class='ocrx_word' id='word_1_268' title='bbox 1190 2649 1303 2698; x_wconf 93' lang='lat' dir='ltr'><strong>licet</strong></span> <span class='ocrx_word' id='word_1_269' title='bbox 1335 2648 1478 2712; x_wconf 86' lang='lat' dir='ltr'><strong>igitur</strong></span> <span class='ocrx_word' id='word_1_270' title='bbox 1510 2648 1712 2711; x_wconf 91' lang='lat' dir='ltr'><strong>impune</strong></span> <span class='ocrx_word' id='word_1_271' title='bbox 1743 2646 1923 2696; x_wconf 88' lang='lat' dir='ltr'><strong>oratori</strong></span> <span class='ocrx_word' id='word_1_272' title='bbox 1946 2663 1997 2702; x_wconf 82' lang='lat'><strong>30</strong></span> <span class='ocrx_word' id='word_1_273' title='bbox 2085 2707 2087 2711; x_wconf 14' lang='grc' dir='ltr'><em>Α</em></span> 
     </span>
    </p>
   </div>
   <div class='ocr_carea' id='block_1_8' title="bbox 263 2729 1923 2876">
    <p class='ocr_par' dir='ltr' id='par_1_8' title="bbox 263 2729 1923 2876">
     <span class='ocr_line' id='line_1_36' title="bbox 263 2729 1923 2795; baseline -0.002 -15"><span class='ocrx_word' id='word_1_274' title='bbox 263 2748 463 2780; x_wconf 91' lang='lat' dir='ltr'><strong>omnem</strong></span> <span class='ocrx_word' id='word_1_275' title='bbox 500 2734 629 2781; x_wconf 92' lang='lat' dir='ltr'><strong>hanc</strong></span> <span class='ocrx_word' id='word_1_276' title='bbox 665 2741 854 2795; x_wconf 89' lang='lat' dir='ltr'><strong>partem</strong></span> <span class='ocrx_word' id='word_1_277' title='bbox 895 2731 1010 2780; x_wconf 89' lang='lat' dir='ltr'><strong>iuris</strong></span> <span class='ocrx_word' id='word_1_278' title='bbox 1046 2747 1148 2780; x_wconf 92' lang='lat' dir='ltr'><strong>non</strong></span> <span class='ocrx_word' id='word_1_279' title='bbox 1185 2729 1482 2779; x_wconf 91' lang='lat' dir='ltr'><strong>controversi</strong></span> <span class='ocrx_word' id='word_1_280' title='bbox 1523 2729 1758 2792; x_wconf 90' lang='lat' dir='ltr'><strong>ignorare,</strong></span> <span class='ocrx_word' id='word_1_281' title='bbox 1795 2743 1923 2791; x_wconf 90' lang='lat' dir='ltr'><strong>quae</strong></span> 
     </span>
     <span class='ocr_line' id='line_1_37' title="bbox 264 2808 1923 2876; baseline -0.004 -14"><span class='ocrx_word' id='word_1_282' title='bbox 264 2830 373 2876; x_wconf 91' lang='lat' dir='ltr'><strong>pars</strong></span> <span class='ocrx_word' id='word_1_283' title='bbox 400 2813 504 2862; x_wconf 91' lang='lat' dir='ltr'><strong>sine</strong></span> <span class='ocrx_word' id='word_1_284' title='bbox 530 2813 684 2862; x_wconf 89' lang='lat' dir='ltr'><strong>dubio</strong></span> <span class='ocrx_word' id='word_1_285' title='bbox 721 2814 877 2861; x_wconf 91' lang='lat' dir='ltr'><strong>multo</strong></span> <span class='ocrx_word' id='word_1_286' title='bbox 914 2811 1125 2861; x_wconf 87' lang='lat' dir='ltr'><strong>maxima</strong></span> <span class='ocrx_word' id='word_1_287' title='bbox 1150 2819 1223 2860; x_wconf 92' lang='lat' dir='ltr'><strong>est</strong></span> <span class='ocrx_word' id='word_1_288' title='bbox 1243 2829 1258 2872; x_wconf 89' lang='lat'><strong>,·</strong></span> <span class='ocrx_word' id='word_1_289' title='bbox 1292 2810 1342 2859; x_wconf 92' lang='lat' dir='ltr'><strong>in</strong></span> <span class='ocrx_word' id='word_1_290' title='bbox 1368 2826 1429 2859; x_wconf 95' lang='lat' dir='ltr'><strong>eo</strong></span> <span class='ocrx_word' id='word_1_291' title='bbox 1451 2817 1617 2859; x_wconf 91' lang='lat' dir='ltr'><strong>autem</strong></span> <span class='ocrx_word' id='word_1_292' title='bbox 1642 2809 1759 2868; x_wconf 91' lang='lat' dir='ltr'><strong>iure,</strong></span> <span class='ocrx_word' id='word_1_293' title='bbox 1785 2808 1923 2871; x_wconf 90' lang='lat' dir='ltr'><strong>quod</strong></span> 
     </span>
    </p>
   </div>
   <div class='ocr_carea' id='block_1_9' title="bbox 267 2934 1921 3053">
    <p class='ocr_par' dir='ltr' id='par_1_9' title="bbox 267 2934 1921 3053">
     <span class='ocr_line' id='line_1_38' title="bbox 321 2934 1921 2992; baseline -0.005 -10"><span class='ocrx_word' id='word_1_294' title='bbox 321 2954 372 2992; x_wconf 87' lang='lat'><strong>25</strong></span> <span class='ocrx_word' id='word_1_295' title='bbox 402 2955 449 2982; x_wconf 93' lang='lat' dir='ltr'><strong>ac</strong></span> <span class='ocrx_word' id='word_1_296' title='bbox 471 2947 612 2982; x_wconf 89' lang='lat' dir='ltr'><strong>tamen</strong></span> <span class='ocrx_word' id='word_1_297' title='bbox 633 2941 697 2982; x_wconf 90' lang='lat' dir='ltr'><strong>P:</strong></span> <span class='ocrx_word' id='word_1_298' title='bbox 726 2947 913 2981; x_wconf 86' lang='lat' dir='ltr'><strong>attamen</strong></span> <span class='ocrx_word' id='word_1_299' title='bbox 934 2940 1042 2980; x_wconf 86' lang='lat' dir='ltr'><strong>codd.</strong></span> <span class='ocrx_word' id='word_1_300' title='bbox 1312 2951 1361 2989; x_wconf 85' lang='lat'><strong>31</strong></span> <span class='ocrx_word' id='word_1_301' title='bbox 1395 2951 1481 2978; x_wconf 91' lang='lat' dir='ltr'><strong>non</strong></span> <span class='ocrx_word' id='word_1_302' title='bbox 1503 2936 1760 2978; x_wconf 87' lang='lat' dir='ltr'><strong>controversi</strong></span> <span class='ocrx_word' id='word_1_303' title='bbox 1779 2934 1921 2975; x_wconf 82' lang='lat' dir='ltr'><em>Bake:</em></span> 
     </span>
     <span class='ocr_line' id='line_1_39' title="bbox 267 2993 1385 3053; baseline -0.004 -17"><span class='ocrx_word' id='word_1_304' title='bbox 267 2998 310 3037; x_wconf 88' lang='lat' dir='ltr'><strong>in</strong></span> <span class='ocrx_word' id='word_1_305' title='bbox 331 2997 630 3036; x_wconf 86' lang='lat' dir='ltr'><strong>controversiis</strong></span> <span class='ocrx_word' id='word_1_306' title='bbox 650 2995 759 3035; x_wconf 85' lang='lat' dir='ltr'><strong>codd.</strong></span> <span class='ocrx_word' id='word_1_307' title='bbox 784 3010 792 3035; x_wconf 92' lang='lat'><strong>:</strong></span> <span class='ocrx_word' id='word_1_308' title='bbox 822 2997 915 3035; x_wconf 86' lang='lat' dir='ltr'><strong>sine</strong></span> <span class='ocrx_word' id='word_1_309' title='bbox 938 2994 1238 3053; x_wconf 86' lang='lat' dir='ltr'><strong>controversiis</strong></span> <span class='ocrx_word' id='word_1_310' title='bbox 1258 2993 1385 3033; x_wconf 77' lang='lat' dir='ltr'><strong>Klotz</strong></span> 
     </span>
    </p>
   </div>
  </div>
 </body>
</html>
