2150 3444
796 138 892 188 DE
927 136 1269 188 ORATORE
1341 138 1394 187 11
1949 141 2115 204 69:259

263 293 294 328 a
317 293 517 328 moroso
540 278 773 329 dicuntur
788 297 802 341 ;
837 286 943 327 turn
973 276 1106 327 enim
1140 293 1242 327 non
1275 277 1358 337 sal,
1388 278 1476 327 sed
1508 285 1683 326 natura
1714 277 1898 328 ridetur
1914 298 1928 340 3

263 358 316 410 in
339 375 453 424 quo,
481 369 535 410 ut
560 360 681 409 mihi
705 359 910 420 videtur,
937 360 1209 423 persalsum
1233 357 1356 407 illud
1381 366 1454 407 est
1478 360 1613 422 apud
1639 360 1888 410 Novium:

1075 438 1222 503 ‘quid
1245 440 1422 502 ploraS‚
1448 448 1588 503 pater
1605 442 1652 488 ?'

541 525 555 549 ‘
573 520 760 571 Mirum
784 520 836 570 ni
861 529 1057 571 cantem
1081 539 1090 569 :
1127 521 1490 569 condemnatus
1514 522 1656 568 sum.'

214 620 237 661 5
262 602 400 654 Huic
422 602 590 668 generi
614 603 757 667 quasi
782 602 1081 651 contrarium
1112 610 1186 650 est
1210 600 1403 650 ridiculi
1428 617 1584 663 genus
1609 602 1840 665 patientis
1865 622 1924 655 ac

258 685 392 746 lenti,
421 694 488 746 ut,
506 702 622 735 cum
648 686 776 735 Cato
799 700 1059 747 percussus
1083 691 1212 731 esset
1235 682 1300 731 ab
1325 698 1400 742 e0‚
1423 681 1508 745 qui
1532 699 1695 731 arcam
1721 686 1922 746 ferebat,

259 783 373 816 eum
421 766 503 816 ille
552 765 739 815 diceret
783 767 960 823 ‘cave,'
1002 763 1188 827 rogavit
1233 767 1244 788 ‘
1264 780 1385 811 num
1434 763 1556 826 quid
1602 764 1738 814 aliud
1779 769 1924 817 ferret

258 856 450 910 praeter
486 849 684 897 arcam)
753 849 843 895 Est
885 844 1034 895 etiam
1076 843 1311 894 stultitiae
1344 846 1471 894 salsa
1505 846 1835 909 reprehensio,
1870 859 1924 899 ut
1950 858 2027 898 280

258 927 340 977 ille
387 927 594 989 Siculus,
644 927 725 978 cui
770 935 967 992 praetor
1012 925 1180 990 Scipio
1233 935 1498 990 patronum
1546 943 1725 977 causae
1773 931 1924 980 dabat

186 1027 236 1057 10
258 1008 506 1074 hospitem
539 1026 697 1070 suum,
723 1008 981 1059 hominem
1013 1007 1248 1067 nobilem,
1277 1010 1365 1058 sed
1394 1010 1669 1058 admodum
1702 1014 1922 1073 stultum,

261 1094 273 1118 ‘
287 1093 504 1154 quaeSO,'
519 1090 680 1155 inquit
698 1095 709 1118 ‘
726 1099 933 1156 praetor,
955 1090 1234 1140 adversario
1254 1107 1367 1141 meo
1388 1093 1452 1141 da
1474 1091 1623 1141 istum
1643 1102 1920 1157 patronum,

255 1170 440 1222 deinde
479 1171 603 1222 mihi
642 1171 893 1222 neminem
929 1171 1156 1221 dederis.'
1227 1174 1436 1222 Movent
1475 1172 1559 1222 illa
1595 1174 1755 1235 etiam,
1795 1194 1924 1242 quae

255 1251 540 1304 coniectura
563 1255 1058 1319 explanantur-longe
1082 1253 1222 1303 aliter
1244 1262 1394 1317 atque
1419 1263 1546 1315 sunt,
1576 1257 1664 1305 sed
1686 1267 1832 1307 acute
1854 1267 1924 1309 at-

255 1349 354 1398 que
377 1334 653 1397 concinne,
688 1344 755 1395 ut,
783 1351 899 1384 cum
915 1336 1126 1384 Scaurus
1150 1345 1403 1385 accusaret
1429 1337 1672 1386 Rutilium
1690 1339 1924 1404 ambitus,

181 1431 230 1474 15
254 1431 371 1464 cum
394 1414 500 1480 ipse
524 1418 699 1466 consul
723 1425 852 1466 esset
875 1418 1047 1477 factuS,
1067 1416 1149 1466 ille
1173 1419 1419 1481 repulsam
1444 1418 1648 1479 tulisset,
1675 1429 1723 1469 et
1741 1421 1792 1470 in
1817 1421 1924 1473 eius

252 1496 435 1547 tabulis
471 1499 755 1548 ostenderet
792 1497 975 1547 litteras
1012 1500 1071 1547 A.
1113 1501 1165 1548 F.
1206 1501 1258 1547 P.
1290 1501 1349 1548 R.
1389 1499 1542 1564 idque
1577 1499 1764 1551 diceret
1798 1519 1920 1565 esse,

251 1586 420 1628 actum
462 1579 562 1629 fide
598 1581 650 1628 P.
692 1578 849 1628 Rutili
865 1598 879 1641 3
930 1580 1148 1629 Rutilius
1189 1589 1371 1641 autem,
1415 1590 1531 1631 ante
1572 1584 1770 1645 factum,
1808 1594 1923 1649 post

251 1662 460 1712 relatum
477 1680 490 1723 3
540 1663 597 1713 C.
640 1663 842 1723 Canius,
882 1680 1035 1727 eques
1072 1665 1350 1726 RomanUS,
1385 1681 1499 1716 cum
1538 1669 1674 1716 Rufo
1708 1669 1919 1730 adesset,

252 1745 507 1804 exclamat,
558 1753 789 1794 neutrum
843 1744 938 1794 illis
984 1744 1157 1794 litteris
1209 1747 1475 1797 declarari:
1538 1748 1687 1812 ‘quid
1734 1766 1850 1813 ergo
1869 1752 1891 1800 ?
1909 1752 1922 1775 ’

178 1841 230 1871 20
251 1824 413 1890 inquit
437 1827 649 1875 Scaurus
669 1844 683 1887 ;
725 1826 993 1876 ‘Aemilius
1018 1827 1148 1887 fecit,
1175 1827 1405 1892 plectitur
1431 1829 1671 1880 Rutilius.'

320 1905 569 1956 Ridentur
593 1905 743 1957 etiam
769 1908 1131 1972 discrepantia:
1173 1908 1322 1972 ‘quid
1346 1909 1462 1959 huic
1486 1911 1627 1961 abest
1651 1911 1745 1962 nisi
1770 1931 1846 1963 res
1871 1923 1921 1964 et
1944 1893 2013 1999 7?

248 1987 399 2038 virtus
418 1990 440 2038 Ρ
458 1991 469 2012 ’
517 1989 658 2039 Bella
672 1989 820 2039 etiam
839 1998 916 2039 est
929 1989 1178 2039 familiaris
1193 1991 1510 2054 reprehensio
1529 1993 1669 2057 quasi
1688 1995 1891 2045 errantis
1909 2003 1923 2057 3
1949 1971 1968 1998 ²
2007 1971 2023 1998 Ι

247 2078 302 2120 ut
337 2087 454 2120 cum
486 2070 761 2136 obiurgavit
786 2071 992 2121 Albium
1019 2072 1232 2121 Granius
1268 2074 1418 2136 quod,
1447 2091 1562 2123 cum
1599 2075 1704 2125 eius
1740 2077 1921 2127 tabulis

247 2151 489 2216 quiddam
513 2153 577 2203 ab
607 2152 824 2203 Albucio
859 2154 1124 2217 probatum
1157 2153 1417 2215 videretur,
1445 2165 1494 2205 et
1523 2158 1666 2206 valde
1690 2159 1920 2208 absoluto

173 2250 223 2293 ²5
248 2234 485 2283 Scaevola
525 2235 761 2298 gauderet
809 2251 974 2298 neque
1022 2235 1328 2299 intellegeret
1366 2246 1538 2286 contra
1576 2254 1688 2287 suas
1727 2240 1919 2289 tabulas

246 2331 355 2364 esse
379 2314 666 2365 iudicatum.
743 2315 881 2365 Huic
913 2315 1085 2366 similis
1123 2326 1197 2366 est
1227 2316 1377 2366 etiam
1409 2318 1687 2368 admonitio
1718 2319 1768 2368 in
1804 2337 1920 2370 con—
1945 2334 2021 2374 282

245 2394 356 2445 silio
379 2397 550 2446 dando
576 2397 839 2458 familiaris,
868 2407 935 2458 ut,
967 2415 1082 2448 cum
1115 2407 1326 2463 patrono
1352 2402 1496 2460 malo,
1526 2417 1641 2449 cum
1666 2417 1841 2450 vocem
1867 2402 1918 2451 in

243 2477 463 2528 dicendo
490 2478 781 2539 obtudisset‚
825 2480 1066 2530 suadebat
1102 2481 1328 2541 GraniuS‚
1357 2490 1411 2530 ut
1444 2483 1660 2530 mulsum
1684 2482 1916 2546 frigidum
2000 2549 2002 2551 ‚

242 2557 449 2619 biberet,
476 2558 622 2609 simul
646 2577 706 2610 ac
731 2562 938 2610 domum
966 2561 1186 2623 redisset,
1220 2564 1480 2627 ‘perdam’
1506 2562 1667 2627 inquit
1694 2567 1912 2625 ‘vocem,

296 2686 351 2726 M
367 2707 403 2722 =
424 2687 474 2728 H
640 2703 658 2729 1
692 2689 891 2730 dicuntur
910 2691 970 2730 Le
990 2692 1103 2744 vulg.
1130 2707 1140 2732 :
1171 2692 1367 2732 dicantur
1382 2691 1437 2730 M
1514 2693 1627 2732 enim
1646 2692 1758 2733 codd.
1779 2708 1788 2734 ε
1821 2694 1914 2735 eius

239 2741 441 2782 Fn'edn‘ch
540 2756 566 2783 2
586 2744 697 2784 salse
709 2745 805 2784 Hm
900 2759 926 2796 4
948 2747 1103 2786 mirum
1117 2760 1199 2787 om.
1219 2748 1313 2787 Hm
1410 2749 1438 2786 6
1457 2760 1598 2787 arcam
1616 2750 1726 2799 (cum
1741 2748 1913 2803 lacuna)

240 2810 323 2838 om.
343 2797 436 2837 Hm
552 2811 600 2837 12
630 2799 783 2839 Risum
801 2806 976 2840 movent
992 2800 1161 2840 Muther
1271 2815 1319 2851 14
1341 2809 1614 2842 accusaretur
1626 2808 1671 2841 ut
1685 2802 1802 2842 illum
1818 2804 1912 2844 Hm

243 2863 294 2903 15
322 2851 489 2892 tulisset
510 2866 593 2893 om.
619 2853 714 2893 Hm
857 2857 906 2894 16
933 2856 984 2895 A.
1008 2856 1061 2895 ad
1084 2858 1206 2906 §tore
1227 2857 1352 2906 eique
1371 2857 1466 2896 Hm
1614 2870 1663 2896 21
1699 2857 1913 2898 Ridentur

241 2906 298 2946 Le
319 2908 430 2958 vag.
456 2923 465 2947 ε
495 2908 729 2948 rideturM
892 2910 990 2950 huic
1010 2923 1048 2950 ee
1070 2910 1241 2961 Quintil.
1265 2913 1319 2951 vi.
1341 2924 1379 2961 3.
1403 2914 1479 2961 84:
1511 2912 1612 2953 hinc
1631 2912 1752 2951 Hm:
1784 2913 1852 2952 hic
1874 2913 1911 2952 L

237 2973 292 3011 23
320 2961 549 3001 Albucium
570 2962 642 3002 H:
672 2963 824 3004 Albius
843 2964 902 3004 Le
1045 2965 1232 3005 Granius
1261 2964 1340 3018 Lg.
1372 2980 1518 3006 omnes
1627 2967 1719 3007 eius
1739 2966 1824 3007 Le:
1856 2980 1912 3007 ex

238 3016 290 3056 iis
324 3015 378 3055 H
399 3031 408 3057 ε
444 3029 500 3057 ex
519 3017 642 3057 hisee
823 3031 876 3069 24
907 3019 959 3059 ab
979 3033 1063 3060 om.
1089 3020 1185 3060 Hm
1297 3026 1338 3061 et
1359 3034 1440 3062 om.
1467 3021 1562 3062 Hm
