2150 3444
51 155 116 205 73
135 151 215 207 296
689 145 760 192 M.
798 144 1010 192 TVLLI
1047 142 1430 193 CICERONIS

235 282 456 332 laudaret
488 291 638 341 tuam,
677 281 857 332 dixisse
893 298 973 330 me
1008 297 1123 330 cum
1158 280 1331 330 ceteris
1367 279 1463 330 tuis
1491 279 1721 331 laudibus
1756 282 1886 331 hanc

237 379 345 412 esse
363 364 440 412 vel
464 362 728 412 maximam
753 363 889 425 quod
914 378 1016 410 non
1035 363 1196 410 solum
1215 361 1354 424 quod
1377 377 1502 423 opus
1527 370 1655 411 esset
1678 361 1880 422 diceres,

136 453 213 501 297
237 446 326 493 sed
366 443 514 492 etiarn
553 445 689 507 quod
727 460 829 492 non
870 460 995 507 opus
1033 451 1160 492 esset
1192 458 1295 492 non
1333 440 1521 491 diceres
1540 460 1554 503 3
1603 451 1709 492 tum
1745 441 1883 493 illum

237 523 359 573 mihi
382 526 678 589 respondere
702 524 917 584 memini,
938 533 1098 574 cetera
1122 523 1173 572 in
1197 532 1246 573 te
1271 539 1463 572 summe
1487 539 1594 572 esse
1618 524 1880 584 laudanda,

234 603 356 654 illud
385 622 500 654 vero
535 605 748 669 improbi
780 622 887 654 esse
922 603 1137 654 hominis
1173 613 1222 653 et
1256 603 1518 667 perfidiosi‚
1547 603 1712 653 dicere
1745 604 1883 668 quod
1906 623 1932 665 5

233 685 448 735 alienum
473 696 601 735 esset
636 696 685 736 et
719 696 920 736 noceret
955 685 1012 745 ei,
1041 702 1130 749 pro
1166 702 1265 748 quo
1295 684 1504 749 quisque
1536 684 1721 735 diceret
1737 702 1752 746 3
1785 701 1885 749 qua

234 782 286 815 re
317 784 417 816 non
453 767 547 816 sibi
583 784 697 816 eum
733 767 983 827 disertum,
1011 767 1096 830 qui
1132 766 1183 816 id
1219 770 1321 816 non
1356 768 1548 826 faceret,
1588 764 1756 826 videri,
1793 766 1883 815 sed

233 846 527 909 improbum,
578 848 662 911 qui
708 850 901 897 faceret.
989 850 1152 908 Nunc,
1201 847 1241 896 si
1288 847 1377 896 tibi
1423 847 1626 908 videtur,
1675 846 1878 907 Antoni,

233 928 540 977 demonstres
564 928 723 987 velim,
753 946 850 992 qua
873 946 924 978 re
948 938 1002 978 tu
1026 931 1123 978 hoc
1156 928 1223 977 ita
1252 945 1485 992 magnum
1509 938 1651 992 putes
1675 927 1798 976 nihil
1829 927 1881 976 in

233 1024 380 1056 causa
404 1008 519 1059 mali
543 1010 714 1069 facere,
735 1019 788 1058 ut
803 1009 925 1059 nihil
944 1009 1033 1058 tibi
1051 1009 1102 1059 in
1118 1019 1309 1059 oratore
1328 1009 1485 1059 maius
1504 1026 1611 1059 esse
1628 998 1881 1061 videatur.'
1907 1029 1957 1061 ια

144 1075 210 1126 74
237 1088 441 1137 ‘Dicam
467 1089 715 1153 equidem,
734 1091 942 1149 Caesar‚'
961 1089 1122 1153 inquit
1149 1089 1297 1153 ‘quid
1319 1089 1614 1153 intellegam,
1641 1091 1729 1142 sed
1754 1098 1803 1140 et
1827 1099 1880 1140 tu

133 1143 209 1195 ²98
231 1170 280 1218 et
304 1186 390 1219 vos
415 1172 511 1219 hoc
547 1170 751 1232 omnes,'
774 1170 947 1234 inquit,
979 1174 990 1196 ‘
1006 1179 1323 1231 mementote,
1348 1187 1450 1220 non
1478 1187 1559 1219 me
1583 1172 1647 1220 de
1678 1170 1880 1235 perfecti

230 1250 433 1300 oratoris
471 1250 725 1301 divinitate
766 1253 982 1315 quadarn
1019 1250 1170 1315 loqui,
1211 1252 1299 1300 sed
1334 1251 1399 1300 de
1437 1249 1795 1301 exercitationis
1829 1260 1881 1301 et
1920 1278 1928 1285 ·

229 1331 600 1381 consuetudinis
626 1349 764 1381 meae
783 1331 1132 1382 mediocritate.
1191 1331 1353 1384 Crassi
1369 1331 1572 1395 quidem
1587 1349 1877 1396 responsum

229 1412 508 1462 excellentis
544 1412 801 1463 cuiusdam
837 1421 911 1463 est
944 1412 1110 1476 ingeni
1144 1429 1203 1462 ac
1238 1411 1492 1476 singularis
1508 1430 1522 1473 3
1563 1411 1642 1461 cui
1674 1412 1878 1476 quidem
1902 1431 1954 1475 15

228 1493 440 1554 portenti
464 1493 621 1543 simile
645 1511 752 1543 esse
776 1493 935 1543 visum
971 1502 1044 1543 est
1075 1509 1221 1556 posse
1255 1493 1470 1556 aliquem
1494 1492 1699 1542 inveniri
1721 1503 1879 1545 orato-

228 1590 347 1634 rem,
373 1574 458 1637 qui
481 1573 669 1638 aliquid
706 1574 821 1624 mali
857 1577 1036 1624 faceret
1072 1574 1287 1624 dicendo
1320 1574 1617 1638 obessetque
1639 1573 1702 1636 ei,
1727 1590 1876 1638 quem

126 1671 205 1715 299
227 1654 547 1716 defenderet5
581 1655 696 1704 facit
720 1655 852 1704 enim
882 1656 946 1705 de
982 1672 1035 1704 se
1070 1654 1403 1705 coniecturam
1420 1672 1435 1716 3
1470 1654 1610 1705 cuius
1644 1664 1780 1707 tanta
1803 1655 1875 1710 vis

225 1734 391 1797 ingeni
414 1745 500 1795 est,
528 1745 582 1785 ut
614 1736 864 1785 neminem
896 1735 989 1784 nisi
1021 1738 1248 1786 consulto
1280 1744 1433 1799 putet,
1460 1737 1598 1799 quod
1628 1745 1799 1786 contra
1821 1753 1876 1786 se

225 1815 387 1879 ipsum
429 1817 506 1879 sit,
544 1817 741 1879 dicere,
775 1819 864 1867 sed
902 1834 994 1880 ego
1030 1834 1133 1867 non
1171 1819 1235 1867 de
1272 1817 1537 1881 praestanti
1574 1820 1790 1882 quadam
1824 1828 1874 1869 et
1898 1837 1951 1868 πο

225 1896 417 1958 eximia,
443 1899 530 1948 sed
565 1914 719 1961 prope
747 1899 811 1947 de
834 1897 1018 1961 vulgari
1054 1906 1102 1946 et
1137 1897 1390 1948 communi
1415 1897 1462 1947 vi
1486 1914 1620 1949 nunc
1655 1898 1868 1963 disputo.

227 1977 304 2026 Ita
342 1979 477 2041 apud
516 1979 730 2027 Graecos
771 1980 920 2027 fertur
955 1977 1231 2028 incredibili
1269 1979 1486 2042 quadam
1533 1978 1872 2042 magnitudine

223 2057 398 2107 consili
431 2067 580 2123 atque
616 2058 782 2122 ingeni
816 2058 1132 2108 Atheniensis
1173 2058 1254 2108 ille
1288 2058 1437 2108 fuisse
1478 2058 1874 2121 Themistocles3

222 2139 288 2187 ad
334 2155 483 2202 quern
530 2138 733 2202 quidam
768 2140 944 2190 doctus
979 2140 1133 2189 homo
1169 2148 1318 2203 atque
1355 2139 1409 2190 in
1443 2139 1611 2203 primis
1651 2139 1874 2195 eruditus

204 2218 485 2269 accessisse
517 2219 694 2270 dicitur
718 2219 862 2283 eique
889 2229 1043 2270 artem
1068 2220 1345 2280 memoriae,
1375 2237 1502 2284 quae
1527 2229 1633 2269 tum
1657 2219 1871 2284 primum
1895 2237 1948 2280 25

221 2301 566 2364 proferebatur,
594 2300 840 2364 pollicitus
872 2317 980 2350 esse
1014 2318 1068 2350 se
1102 2301 1391 2351 traditurum
1412 2319 1427 2362 3
1461 2318 1576 2350 cum
1610 2300 1692 2352 ille
1726 2317 1875 2367 quae-x

221 2379 362 2429 sisset
380 2380 617 2443 quidnam
641 2380 723 2430 illa
739 2398 815 2430 ars
835 2383 1025 2431 efficere
1043 2391 1221 2445 posset,
1243 2381 1422 2432 dixisse
1440 2381 1578 2449 illum
1597 2383 1868 2443 doctorem,

221 2469 278 2510 ut
321 2460 489 2510 omnia
534 2461 869 2523 meminisset;
926 2471 976 2513 et
1021 2461 1067 2511 ei
1119 2462 1508 2513 Themistoclem
1557 2461 1870 2527 respondisse

219 2541 400 2605 gratius
435 2541 528 2591 sibi
556 2542 694 2591 illurn
719 2560 826 2592 esse
855 2545 1110 2602 facturum,
1147 2543 1187 2592 si
1220 2560 1273 2592 se
1301 2543 1524 2593 oblivisci
1559 2560 1687 2607 quae
1721 2545 1868 2594 vellet

118 2643 198 2684 300
220 2638 369 2685 quarn
393 2622 434 2671 si
459 2623 740 2674 meminisse
764 2624 1026 2682 docuisset.
1099 2622 1319 2674 Videsne
1343 2641 1470 2688 quae
1493 2623 1566 2673 vis
1589 2624 1641 2674 in
1664 2623 1867 2674 homine
1889 2642 1946 2690 ³0.

272 2749 326 2789 M
342 2771 377 2784 =
397 2751 532 2791 AEH
665 2765 709 2791 11
742 2753 879 2802 inquit
905 2766 989 2793 om.
1015 2751 1070 2791 M
1199 2752 1442 2803 intellegam
1471 2755 1546 2793 sed
1573 2767 1655 2794 om.
1679 2752 1733 2791 M
1754 2755 1869 2805 (cum

219 2805 367 2844 lacuna
384 2806 450 2858 H)
583 2819 631 2845 12
660 2807 714 2846 de
734 2819 817 2847 om.
843 2805 898 2845 M
1013 2819 1063 2845 21
1093 2807 1135 2846 vi
1154 2819 1267 2847 nunc
1285 2807 1484 2847 Friedrich
1505 2807 1647 2858 lingua
1666 2807 1740 2846 M:
1770 2821 1866 2859 pru-

219 2859 367 2899 dentia
391 2860 425 2898 L
455 2859 566 2911 vulg.
701 2861 885 2911 disputo,
914 2861 971 2900 ita
997 2858 1180 2902 Schatz:
1219 2861 1434 2911 disputata
1457 2861 1570 2900 HA:
1607 2861 1866 2913 disputo‚sut

219 2910 257 2951 L
277 2911 387 2964 vulg.
409 2927 418 2950 t
449 2914 712 2964 disputabam
732 2920 778 2953 ut
796 2914 960 2968 Ellendt
1131 2915 1188 2954 26
1214 2914 1448 2968 pollicitum
1465 2914 1610 2956 codd..:
1649 2928 1747 2957 corr.
1769 2914 1870 2968 edd-j

219 2970 268 3007 'se
287 2979 369 3007 om.
391 2964 445 3012 M
593 2969 646 3007 28
674 2973 717 3008 et
735 2980 819 3007 om.
841 2964 895 3007 M
1865 2967 1877 2974 ”
