2112 3444
80 139 155 188 24-
169 139 246 176 τιὸ

172 687 244 716 111

175 1170 248 1198 112

179 1886 257 1924 113

179 1966 257 2014 .25

184 2535 260 2574 114

726 128 796 176 M.
836 119 1045 176 TVLLI
1083 120 1462 178 CICERONIS

269 271 431 329 neque
462 261 535 316 'ita
565 268 938 330 amplecteretur
975 276 1142 327 artem,
1169 276 1222 316 ut
1255 267 1298 316 ei
1337 269 1561 328 solerent,
1596 267 1681 331 qui
1718 284 1919 318 omnem

270 347 368 395 vim
410 347 608 396 dicendi
649 347 699 396 in
742 357 843 397 arte
884 357 1136 411 ponerent,
1178 364 1338 410 neque
1385 365 1546 397 rursus
1594 365 1703 398 eam
1748 357 1918 408 totam,

271 427 395 476 sicut
439 430 660 491 plerique
705 428 988 491 philosophi
1033 430 1260 488 facerent,
1300 413 1588 492 repudiaret.
1663 431 1789 480 ‘Sed
1829 429 1924 479 exi-

271 506 443 556 stimo'
493 507 651 571 inquit
701 512 916 571 ‘gratum
968 517 1016 557 te
1062 508 1151 568 his,
1203 510 1390 569 Crasse,
1438 511 1694 570 facturum,
1742 510 1783 559 si
1830 510 1924 560 ista

271 587 550 649 exposueris
613 605 739 650 quae
785 597 926 651 putas
975 590 1040 636 ad
1092 588 1358 637 dicendum
1410 591 1519 652 plus
1568 605 1717 652 quam
1765 589 1923 654 ipsam
1949 605 1972 645 5

270 676 424 716 artem
449 685 594 730 posse
618 670 880 731 prodesse.'
952 673 963 694 ‘
981 668 1157 723 Dicam
1190 669 1434 732 equidem,
1461 669 1696 732 quoniam
1719 670 1921 732 institui,

272 756 536 810 petamque
568 766 597 796 a
628 749 797 809 vobis,'
829 749 988 812 inquit
1023 753 1114 798 ‘ne
1148 751 1236 798 has
1272 767 1406 798 meas
1442 749 1650 813 ineptias
1687 750 1894 800 efferatis
1911 769 1927 812 3

274 845 575 892 quamquam
614 831 908 879 moderabor
945 831 1063 894 ipse,
1090 848 1154 879 ne
1185 839 1239 879 ut
1276 831 1478 894 quidam
1515 831 1743 895 magister
1776 841 1926 895 atque

272 908 454 969 artifex,
500 911 588 959 sed
634 910 774 972 quasi
819 927 947 959 unus
994 928 1054 959 ex
1098 920 1374 973 togatorum
1420 928 1627 961 numero
1671 921 1821 975 atque
1866 928 1926 961 ex

273 989 455 1038 forensi
478 1007 570 1039 usu
594 991 748 1040 homo
772 991 1033 1040 mediocris
1056 1007 1219 1054 neque
1242 984 1447 1041 omnino
1477 992 1611 1042 rudis
1634 992 1801 1042 videar
1823 1009 1926 1042 non
1953 1012 2003 1041 ιο

273 1070 379 1133 ipse
424 1086 454 1119 a
499 1087 580 1119 me
625 1070 812 1133 aliquid
858 1071 1152 1134 promisisse,
1196 1074 1284 1122 sed
1324 1072 1524 1122 fortuito
1561 1073 1612 1121 in
1648 1089 1926 1122 sermonem

272 1159 487 1200 vestrum
542 1151 785 1201 incidisse.
860 1152 1107 1215 Equidem
1155 1169 1268 1202 cum
1314 1162 1530 1216 peterem
1577 1153 1926 1217 magistratum,

275 1231 496 1280 solebam
533 1230 584 1280 in
622 1233 903 1295 prensando
940 1231 1185 1281 dimittere
1215 1250 1246 1282 a
1276 1250 1357 1282 me
1389 1235 1689 1294 Scaevolam,
1717 1250 1831 1283 cum
1861 1233 1929 1284 ita

275 1312 319 1361 ei
356 1312 586 1372 dicerem,
613 1329 694 1361 me
718 1315 842 1362 velle
873 1329 981 1362 esse
1012 1313 1249 1376 ineptum,
1275 1313 1327 1362 id
1351 1323 1466 1374 erat,
1493 1323 1658 1377 petere
1682 1313 1926 1381 blandius,

274 1394 426 1456 quod,
453 1392 545 1441 nisi
570 1392 735 1456 inepte
759 1395 908 1453 fieret,
935 1394 1065 1442 bene
1088 1410 1189 1442 non
1214 1402 1380 1457 posset
1403 1393 1506 1443 fieri
1523 1396 1740 1455 3—-hunc
1762 1403 1928 1443 autem
1956 1414 2005 1455 15

275 1490 382 1523 esse
401 1490 555 1522 unum
573 1473 827 1522 hominem
852 1490 911 1522 ex
929 1474 1173 1534 omnibus,
1195 1491 1295 1537 quo
1314 1483 1569 1538 praesente
1593 1491 1685 1538 ego
1707 1474 1930 1538 ineptum

277 1571 386 1605 esse
431 1571 512 1603 me
558 1554 761 1603 minime
807 1556 1202 1617 vellem—quem
1260 1555 1462 1618 quidem
1521 1571 1655 1604 nunc
1711 1571 1932 1604 mearum
1987 1563 1995 1567 ”

277 1635 570 1699 ineptiarum
606 1644 782 1684 testem
818 1644 866 1684 et
904 1644 1229 1699 spectatorem
1266 1637 1461 1684 fortuna
1497 1635 1778 1685 constituit:
1815 1651 1931 1684 nam

277 1717 398 1780 quid
439 1725 511 1765 est
557 1715 770 1778 ineptius
815 1732 966 1778 quam
1013 1718 1077 1764 de
1123 1716 1338 1765 dicendo
1384 1716 1560 1776 dicere,
1610 1733 1724 1765 curn
1770 1715 1932 1778 ipsum

277 1796 441 1846 dicere
460 1812 730 1858 numquam
750 1795 811 1844 sit
829 1812 931 1843 non
950 1795 1186 1858 ineptum,
1205 1795 1298 1844 nisi
1317 1813 1430 1844 cum
1450 1804 1522 1844 est
1540 1795 1869 1845 necessarium
1885 1797 1907 1844 Ρ
1921 1797 1932 1819 ’
1959 1819 2010 1847 20

282 1881 294 1903 ‘
311 1879 462 1939 Perge
487 1878 631 1935 vero,'
655 1875 814 1938 inquit
842 1877 1074 1934 ‘Crasse,'
1101 1875 1298 1924 Mucius
1316 1894 1330 1936 3
1368 1875 1537 1924 ‘istam
1562 1876 1694 1925 enim
1720 1877 1931 1939 culpam,

280 1973 429 2020 quam
464 1955 655 2015 vereris,
683 1972 774 2018 ego
810 1956 1099 2018 praestabo.'
1172 1956 1279 2004 ‘Sic
1315 1955 1484 2018 igitur'
1519 1956 1678 2019 inquit
1717 1955 1934 2015 ‘sentio,'

281 2039 485 2087 Crassus
530 2040 779 2084 ‘naturam
820 2035 1032 2098 primum
1073 2044 1222 2099 atque
1267 2036 1518 2099 ingenium
1556 2038 1624 2085 ad
1665 2035 1933 2086 dicendum

280 2116 379 2165 vim
410 2118 599 2165 adferre
634 2116 928 2176 maximam3
976 2133 1138 2179 neque
1178 2133 1293 2166 vero
1327 2117 1445 2177 istis,
1472 2119 1536 2166 de
1571 2117 1750 2180 quibus
1783 2119 1934 2181 paulo

280 2206 394 2245 ante
430 2197 549 2245 dixit
585 2196 845 2256 Antonius,
878 2196 1193 2260 scriptoribus
1227 2197 1341 2246 artis
1376 2197 1616 2247 rationem
1651 2197 1851 2247 dicendi
1886 2207 1935 2247 et
1961 2217 2010 2258 25

281 2278 424 2338 viam,
468 2279 556 2327 sed
597 2287 819 2326 naturam
862 2278 1075 2328 defuisse
1092 2297 1106 2339 3
1157 2295 1272 2327 narn
1311 2288 1359 2327 et
1396 2278 1548 2327 animi
1581 2271 1730 2342 atque
1752 2278 1936 2342 ingeni

283 2361 463 2407 celeres
495 2358 698 2421 quidam
736 2368 899 2408 motus
933 2377 1039 2409 esse
1063 2361 1261 2420 debent,
1289 2360 1374 2423 qui
1398 2370 1446 2409 et
1469 2361 1534 2409 ad
1557 2359 1936 2422 excogitandum

281 2439 412 2488 acuti
450 2448 497 2488 et
538 2441 603 2489 ad
644 2441 989 2504 explicandum
1028 2443 1404 2504 ornandumque
1442 2434 1538 2490 sint
1573 2441 1748 2489 uberes
1788 2448 1838 2489 et
1871 2440 1937 2489 ad

284 2519 570 2568 memoriam
607 2521 732 2569 firmi
773 2531 921 2584 atque
961 2520 1209 2582 diuturni3
1256 2531 1305 2571 et
1343 2521 1382 2570 si
1423 2521 1533 2584 quis
1574 2530 1647 2570 est
1687 2519 1774 2584 qui
1813 2521 1937 2569 haec

284 2609 421 2662 putet
455 2610 556 2649 arte
594 2602 751 2665 accipi
780 2604 1148 2665 posse,-—quod
1179 2604 1355 2652 falsum
1388 2611 1461 2651 est
1478 2620 1492 2663 3
1526 2603 1772 2665 praeclare
1802 2600 1935 2650 enim
1959 2619 2014 2659 30

284 2697 359 2728 res
384 2697 436 2728 se
460 2682 651 2741 habeat,
680 2682 719 2731 si
758 2684 881 2732 haec
911 2683 1117 2733 accendi
1153 2691 1238 2733 aut
1270 2682 1569 2732 commoveri
1592 2690 1695 2731 arte
1717 2681 1939 2745 possint3

285 2761 431 2827 inseri
466 2762 668 2824 quidem
705 2771 753 2811 et
787 2764 960 2820 donari
997 2765 1062 2813 ab
1084 2773 1195 2813 arte
1217 2781 1330 2814 *non
1363 2771 1570 2827 possunt
1586 2781 1601 2823 3
1635 2762 1802 2811 omnia
1824 2769 1939 2826 sunt

286 2840 419 2889 enim
443 2840 525 2889 illa
547 2844 681 2891 dona
705 2844 1095 2907 naturae—quid
1118 2846 1182 2893 de
1205 2843 1299 2892 illis
1323 2843 1499 2904 dicam,
1520 2859 1647 2906 quae
1671 2845 1938 2904 cer‘tecum

554 2968 609 3008 M
615 2969 746 3009 =HE
905 2983 929 3018 4
960 2971 1012 3011 iis
1031 2970 1085 3009 M
1234 2985 1261 3022 9
1289 2985 1344 3011 ex
1372 2976 1582 3010 oratorum
1602 2969 1656 3009 M
