2150 3444
112 168 170 216 41
192 163 271 218 165
758 160 828 208 M.
868 159 1079 208 TVLLI
1117 160 1501 210 CICERONIS

198 308 275 350 166
298 293 530 358 precario,
575 312 677 345 non
712 295 772 356 vi,
811 295 1002 346 venisse
1036 296 1270 346 videatur.
1313 319 1315 321 “
1359 298 1546 347 Modus
1586 306 1752 348 autem
1791 299 1956 349 nullus

298 385 372 425 est
419 377 668 426 florentior
713 377 782 425 in‘
812 377 1013 442 singulis
1055 378 1215 427 verbis
1261 394 1424 442 neque
1470 379 1556 443 qui
1601 381 1711 443 plus
1756 380 1957 430 luminis

298 458 484 506 adferat
522 458 731 507 orationi
743 476 762 519 ς
803 475 918 507 nam
956 459 1092 518 illud,
1131 460 1268 523 quod
1306 476 1364 509 ex
1399 461 1495 508 hoc
1530 476 1708 523 genere
1741 461 1954 524 profluit,

300 553 400 586 non
425 546 500 586 est
530 538 583 587 in
614 555 716 588 uno
739 540 890 589 verbo
922 542 1168 599 translatO,
1197 541 1286 590 sed
1318 558 1379 589 ex
1408 539 1630 604 pluribus
1658 540 1957 592 continuatis

299 617 584 678 conectitur,
612 628 667 668 ut
690 619 825 670 aliud
849 620 1050 681 dicatur,
1076 620 1213 670 aliud
1237 620 1626 686 intellegendum
1649 621 1742 672 sit:
1979 636 2004 678 5

832 718 995 765 neque
1030 718 1111 751 me
1145 701 1300 765 patiar

365 778 541 828 iterum
587 782 653 830 ad
693 797 847 830 unum
896 784 1154 846 scopulum
1202 791 1256 832 ut
1302 782 1420 832 olim
1462 784 1669 834 classem
1708 782 1956 834 Achivom

499 862 761 911 offendere.

296 948 446 1003 atque
470 940 604 999 illud,

364 1037 508 1081 erraS,
545 1037 703 1083 erras3
750 1037 867 1072 nam
902 1024 1227 1074 exsultantem
1263 1031 1312 1074 te
1346 1030 1396 1075 et
1428 1024 1783 1090 praefidentem
1817 1025 1909 1077 tibi
1979 1042 2033 1074 ιο

365 1101 631 1165 repriment
662 1102 854 1153 validae
883 1105 1048 1167 legum
1080 1105 1305 1155 habenae
1338 1113 1489 1169 atque
1522 1105 1697 1169 imperi
1730 1105 1957 1156 insistent

501 1182 628 1247 iugo,

201 1272 276 1324 167
302 1265 508 1327 Sumpta
544 1281 596 1313 re
633 1263 778 1314 simili
816 1266 965 1315 verba
1003 1265 1132 1316 illius
1166 1266 1236 1316 rei
1269 1265 1465 1331 propria
1498 1265 1734 1331 deinceps
1767 1265 1821 1316 in
1853 1282 1959 1317 rem

212 1358 279 1405 42
300 1345 459 1405 aliam,
487 1354 542 1394 ut
565 1344 680 1405 dixi,
707 1347 1072 1396 transferuntur.
1118 1349 1207 1396 Est
1230 1349 1328 1396 hoc
1352 1363 1587 1411 magnum
1610 1355 1959 1398 ornamentum

300 1425 546 1487 orationis,
581 1426 633 1474 in
657 1442 758 1490 quo
794 1427 1066 1477 obscuritas
1100 1427 1334 1492 fugienda
1368 1436 1442 1477 est
1457 1447 1472 1490 3
1511 1428 1695 1478 etenim
1729 1429 1828 1478 hoc
1857 1429 1959 1478 fere
1982 1446 2031 1487 15

298 1524 476 1571 genere
511 1509 636 1556 fiunt
671 1525 742 1567 ea,
770 1524 899 1572 quae
933 1508 1164 1558 dicuntur
1197 1508 1505 1572 aenigmata3
1545 1526 1647 1558 non
1682 1516 1757 1559 est
1790 1517 1957 1559 autem

297 1588 349 1636 in
384 1588 535 1637 verbo
576 1589 755 1637 modus
791 1588 885 1647 hic,
925 1591 1013 1638 sed
1049 1589 1100 1637 in
1134 1589 1369 1649 oratione,
1407 1589 1460 1638 id
1494 1597 1582 1650 est,
1619 1589 1672 1638 in
1700 1588 1959 1640 continua-

298 1669 433 1718 tione
451 1669 726 1718 verborum.
802 1671 881 1718 Ne
905 1668 987 1717 illa
1011 1669 1215 1732 quidem
1239 1669 1483 1718 traductio
1505 1677 1656 1732 atque
1678 1668 1958 1718 immutatio

298 1749 350 1797 in
374 1749 525 1798 verbo
549 1750 801 1812 quandam
826 1748 1198 1798 fabricationem
1223 1750 1374 1798 habet
1400 1747 1509 1815 [sed
1533 1749 1585 1797 in
1609 1747 1851 1816 oratione]
1871 1767 1882 1799 ε

499 1829 664 1878 Africa
699 1829 899 1878 terribili
934 1829 1097 1878 tremit
1131 1829 1329 1878 horrida
1362 1838 1488 1878 terra
1522 1831 1767 1890 tumultu3
1979 1847 2032 1882 πο

301 1908 410 1977 [pro
435 1910 564 1959 Afris
597 1919 670 1959 est
703 1919 898 1973 sumpta
921 1907 1124 1975 Africa,]
1150 1925 1313 1973 neque
1343 1910 1528 1957 factum
1560 1919 1633 1958 est
1657 1909 1877 1968 verbum,
1903 1917 1958 1957 ut

304 1996 464 2040 ‘mare
505 1991 751 2054 saxifragis
799 1990 945 2039 undis
962 1992 1006 2050 '3
1065 2006 1227 2054 neque
1268 1992 1571 2049 translatum,
1610 1998 1666 2038 ut
1716 1988 1959 2038 ‘mollitur

300 2089 434 2121 mare
449 2075 459 2095 ²
476 2090 490 2133 3
525 2073 613 2121 sed
638 2071 847 2120 ornandi
871 2087 1018 2120 causa
1041 2070 1294 2135 proprium
1317 2070 1515 2134 proprio
1539 2078 1928 2120 commutatum:

367 2152 550 2211 desine,
591 2153 768 2211 Roma,
806 2160 919 2200 tuos
953 2151 1109 2201 hostis
1134 2190 1143 2200 .
1174 2190 1183 2200 .
1213 2189 1223 2199 .
1252 2189 1262 2199 .

300 2241 347 2282 et
1982 2250 2032 2297 25

369 2324 518 2365 testes
554 2323 669 2364 sunt
703 2313 866 2378 campi
901 2314 1066 2378 magni
1092 2353 1101 2363 .
1131 2353 1140 2363 .
1171 2352 1180 2363 .
1209 2353 1219 2363 .

303 2397 476 2447 Gravis
512 2405 586 2446 est
621 2397 801 2446 modus
837 2396 887 2444 in
923 2404 1098 2446 ornatu
1131 2394 1365 2445 orationis
1397 2403 1446 2444 et
1477 2410 1624 2459 saepe
1658 2393 1961 2455 sumendus;

357 2527 411 2566 M
427 2547 462 2561 =
483 2526 622 2567 ΑΕΗ
808 2540 834 2566 2
862 2539 941 2566 nec
979 2526 1052 2576 qui
1088 2524 1127 2563 L
1165 2526 1277 2577 vulg.
1300 2539 1311 2565 :
1339 2537 1464 2576 quam
1501 2537 1611 2574 quae
1629 2523 1704 2564 A:
1739 2535 1851 2574 quae
1886 2523 1959 2574 qui

302 2582 391 2620 HA
417 2595 550 2633 marg.
701 2593 728 2631 3
757 2581 935 2621 afferant
954 2581 996 2620 A
1163 2592 1189 2629 5
1218 2585 1290 2619 aut
1307 2578 1350 2617 A
1507 2580 1535 2616 6
1562 2578 1703 2628 patior
1721 2576 1759 2616 L
1934 2589 1958 2627 7

303 2638 454 2676 iterum
474 2650 555 2676 om.
581 2635 631 2674 M
876 2636 1086 2675 aduncum
1105 2633 1325 2684 scopulum
1344 2638 1390 2672 ut
1409 2632 1507 2672 olim
1526 2632 1723 2672 Ribbeck:
1753 2632 1806 2671 ad
1826 2644 1960 2671 unum

302 2691 523 2740 scopulum
543 2696 585 2729 et
605 2691 736 2730 telum
757 2689 810 2729 M
824 2691 829 2696 ’
920 2702 970 2728 10
999 2701 1116 2728 erras
1144 2688 1266 2727 semel
1283 2686 1334 2725 M
1451 2700 1549 2726 nam
1578 2691 1622 2726 et
1646 2686 1819 2725 vidente
1842 2691 1887 2725 te
1911 2684 1964 2724 M

303 2746 568 2795 praefidente
590 2744 663 2782 M:
695 2743 966 2795 praesidente
985 2756 1024 2782 ee
1043 2758 1052 2782 :
1081 2742 1398 2793 praesidentem
1425 2739 1509 2779 mL
1703 2738 1960 2789 13.simplici

304 2799 357 2837 H
370 2814 379 2838 :
408 2799 532 2838 simili
554 2800 597 2838 in
617 2797 660 2837 P
861 2798 952 2836 eius
966 2795 1004 2835 L
1186 2809 1234 2845 14
1264 2796 1506 2834 referuntur
1521 2792 1575 2832 M
1716 2795 1866 2832 ornaffi
1883 2790 1961 2832 H:

305 2867 510 2893 ornamen
532 2853 571 2891 A
743 2864 790 2903 15
820 2865 874 2891 ex
894 2853 974 2890 hoc
1001 2863 1159 2900 genere
1179 2848 1217 2887 L
1237 2850 1350 2900 vulg.
1518 2860 1568 2898 19
1594 2848 1671 2887 sed
1700 2846 1744 2885 in
1766 2847 1960 2886 emtione

305 2907 445 2946 delevit
462 2907 619 2947 Schu‘Yz
741 2920 795 2945 20
824 2904 1023 2944 terribilis
1043 2903 1097 2942 M
1217 2916 1266 2942 21
1297 2916 1375 2953 pro
1393 2895 1446 2942 Α.
1468 2933 1478 2943 .
1505 2933 1514 2942 .
1536 2932 1545 2942 .
1566 2901 1714 2941 Africa
1738 2901 1824 2941 secl.
1847 2899 1961 2939 Bake

305 2975 358 3010 24
386 2963 465 3001 hos
489 2963 601 3013 (cum
621 2961 750 3011 spatio
770 2960 840 2999 viii
855 2960 1101 3012 litterarum)
1123 2957 1165 2996 A
1332 2968 1383 3005 25
1413 2962 1456 2995 et
1475 2969 1558 2996 om.
1580 2955 1688 2995 codd.
