2112 3444
798 113 896 161 DE
931 112 1272 162 ORATORE
1345 113 1370 160 Ι

338 250 515 303 ’«”ιιαε
551 253 804 344 quendam
846 250 1073 301 ordinem
1114 260 1504 314 praeceptorum,
1550 255 1639 303 sed
1681 270 1753 313 ea,
1794 270 1923 317 quae

406 356 417 376 ι
441 356 447 374 =
475 357 483 377 ·
536 332 709 398 accepi
731 332 784 382 in
807 341 1089 382 nostrorum
1113 331 1375 382 hominum
1404 333 1922 396 eloquentissimorum

319 412 469 470 mni
489 412 729 477 dignitate
751 411 1035 478 principum
1061 411 1398 476 disputatione
1429 429 1538 463 esse
1565 422 1785 475 versata3
1819 431 1922 464 non

330 550 334 555 ⁴
386 491 473 544 illa
507 502 840 553 contemnam,
878 509 1007 557 quae
1045 491 1223 542 Graeci
1266 492 1467 542 dicendi
1500 492 1711 544 artifices
1748 502 1798 543 et
1838 495 1924 544 do·

250 580 416 643 m
437 572 754 639 reliquerunt,
780 574 870 624 sed
898 589 1014 623 cum
1037 572 1121 622 illa
1150 582 1352 638 pateant
1380 573 1431 623 in
1463 584 1797 640 promptuque
1825 576 1924 627 sint

363 653 504 718 ibus,
545 670 710 719 neque
756 671 816 704 ea
855 653 1259 718 interpretatione
1304 671 1417 704 mea
1455 664 1540 705 aut
1586 655 1806 707 ornatius
1846 674 1924 707 ex-

250 734 425 809 plicari
467 743 555 786 aut
598 734 795 800 planius
841 734 1047 799 exprimi
1093 735 1300 800 possint,
1345 735 1487 786 dabis
1533 737 1664 787 hanc
1708 737 1920 799 veniam,

177 813 326 926 ’ ιιιὶ
348 817 510 878 frater,
535 824 592 866 ut
623 815 814 880 opinor,
841 825 896 866 ut
927 833 1114 878 eorum,
1141 816 1323 881 quibus
1356 834 1552 866 summa
1582 817 1785 869 dicendi
1815 820 1923 869 laus

193 913 287 954 a
328 896 516 949 nostris
567 896 856 948 hominibus
903 914 1142 948 concessa
1192 907 1281 959 est,
1329 898 1672 949 auctoritatem
1720 900 1922 951 Graecis

135 986 237 1051 21⁶
252 986 570 1044 anteponam
1663 998 1667 1000 ἡ

259 1060 453 1114 Cum
475 1058 622 1124 igitur
643 1059 987 1111 vehementius
1010 1059 1358 1110 inveheretur
1345 1079 1396 1110 1n
1422 1078 1622 1112 causam
1639 1060 1921 1126 principum

33 1158 36 1162 ·
110 1134 211 1210 ff‘
251 1127 428 1192 oomul
461 1139 721 1204 Philippus
758 1140 1009 1204 Drusique
1043 1141 1320 1192 tribunatus
1355 1158 1446 1206 pro
1480 1151 1680 1192 senatus
1715 1141 1923 1193 auctori-

106 1250 174 1282 ,
238 1227 353 1274 'tate
374 1229 633 1286 susceptus
656 1220 854 1286 infringi
877 1220 976 1271 iam
1005 1221 1351 1286 debilitarique
1381 1222 1641 1283 videretur,
1670 1222 1771 1273 dici
1799 1222 1922 1272 mihi

250 1300 458 1363 memini
497 1302 735 1352 ludorum
783 1304 1129 1353 Romanorum
1175 1302 1354 1353 diebus
1403 1305 1456 1352 L.
1502 1305 1738 1354 Crassum
1779 1302 1923 1392 quasi

111 1396 233 1476 μ
250 1381 535 1447 conligendi
567 1382 644 1433 sui
667 1399 816 1433 causa
847 1400 900 1433 se
930 1383 983 1432 in
1015 1385 1356 1433 Tusculanum
1389 1383 1689 1445 contulisse,
1727 1383 1923 1434 venisse

250 1464 448 1525 eodem,
484 1480 626 1514 socer
659 1464 765 1515 eius
800 1464 887 1529 qui
921 1466 1092 1525 fuerat,
1127 1466 1190 1527 Q.
1232 1464 1432 1514 Mucius
1468 1464 1725 1515 dicebatur
1759 1473 1809 1515 et
1846 1467 1918 1526 M.

251 1543 518 1607 Antonius»,
565 1547 722 1596 homo
767 1555 817 1597 et
863 1546 1183 1597 consiliorum
1230 1546 1282 1596 in
1328 1563 1380 1596 re
1425 1545 1627 1610 publica
1666 1546 1831 1597 socius
1872 1555 1922 1596 et

251 1641 448 1677 summa
500 1642 617 1677 cum
663 1628 845 1678 Crasso
899 1626 1226 1676 familiaritate
1283 1626 1592 1677 coniunctus.
1688 1627 1922 1677 Exierant

249 1715 419 1757 autem
464 1723 580 1758 cum
635 1707 746 1772 ipso
793 1709 974 1759 Crasso
1023 1709 1367 1758 adulescentes
1413 1717 1463 1758 et
1511 1707 1661 1758 Drusi
1707 1707 1922 1758 maxime

124 1802 233 1858 go
250 1785 514 1839 &miliares
555 1797 604 1839 et
643 1788 696 1838 in
733 1788 916 1853 quibus
954 1806 1185 1853 magnam
1222 1798 1330 1838 tum
1371 1805 1512 1853 spem
1552 1788 1763 1838 maiores
1801 1798 1921 1839 natu

247 1867 503 1940 dignitatis
534 1885 654 1920 suae
677 1872 1010 1931 conlocarent,
1038 1872 1094 1922 C.
1124 1872 1288 1931 Cotta,
1315 1869 1401 1934 qui
1435 1867 1584 1937 [tum]
1614 1869 1921 1920 tribunatum

148 1951 155 1959 '
249 1948 412 2015 plebis
454 1951 671 2015 petebat,
710 1960 760 2002 et
807 1954 860 2001 P.
902 1951 1163 2016 SulpiciUS,
1203 1951 1290 2016 qui
1336 1951 1573 2015 deinceps
1620 1968 1736 2001 eum
1774 1951 1923 2016 magi-

100 2078 153 2097 3,
249 2037 456 2086 atratum
487 2031 728 2096 petiturus
762 2033 1039 2098 putabatur.
1115 2032 1189 2083 Hi
1223 2032 1384 2097 primo
1419 2032 1501 2082 die
1525 2033 1590 2082 de
1613 2032 1921 2096 temporibus

99 2103 178 2166 evj.
249 2110 416 2176 deque
454 2098 711 2205 universa}
737 2131 790 2164 re
839 2114 1054 2178 publica,
1103 2131 1255 2179 quam
1302 2115 1370 2165 ob
1421 2129 1622 2164 causam
1668 2123 1919 2175 venerant,

88 2191 155 2234 ’Ψ
143 2204 229 2278 ᾗ
250 2194 463 2250 multum
486 2193 614 2246 inter
644 2212 698 2246 se
729 2211 888 2260 usque
912 2197 978 2246 ad
1010 2204 1284 2247 extremum
1316 2205 1513 2260 tempus
1538 2194 1637 2246 diei
1669 2195 1922 2247 conlocuti

104 2268 168 2336 ,ζ’
191 2273 202 2275 ”
245 2282 398 2337 sunt3
444 2291 548 2340 quo
583 2276 789 2341 quidem
827 2294 1056 2327 sermone
1095 2279 1251 2327 multa
1288 2276 1523 2327 divinitus
1560 2293 1591 2326 a
1630 2275 1785 2326 tribus
1826 2275 1921 2326 illis

250 2355 594 2411 consularibus
622 2359 774 2409 Cotta
804 2359 1060 2423 deplorata
1091 2367 1141 2408 et
1175 2366 1566 2408 commemorata
1600 2357 1840 2417 narrabat,
1866 2365 1922 2406 ut

250 2518 323 2573 illi
345 2528 485 2572 tanto
507 2530 624 2572 ante
646 2521 897 2573 vidissent.
972 2525 1049 2573 Eo
1072 2531 1240 2573 autern
1265 2521 1403 2572 omni
1428 2537 1656 2572 sermone
1674 2522 1918 2580 confecto,

118 2587 133 2598 ’
122 2614 231 2698 {²⁸⁸⁰
250 2609 440 2652 tantam
475 2600 527 2651 in
557 2603 738 2654 Crasso
772 2603 1132 2653 humanitatem
1167 2602 1331 2663 fuisse,
1370 2611 1437 2663 ut,
1475 2619 1591 2652 cum
1627 2601 1746 2651 lauti
1780 2618 1921 2652 accu-

93 2674 114 2699 ⁵
252 2681 490 2743 buissent,
533 2683 784 2734 tolleretur
825 2683 988 2734 omnis
1029 2684 1113 2733 illa
1153 2683 1416 2748 superioris
1451 2683 1644 2733 tristitia
1679 2682 1920 2734 sermonis

70 2809 157 2847 ,Ἦ
190 2780 192 2782 ’
251 2779 411 2829 mque
450 2772 580 2815 esset
619 2763 671 2814 in
713 2764 918 2815 homine
958 2763 1240 2815 iucunditas
1278 2773 1327 2813 et
1365 2773 1530 2814 tantus
1571 2763 1623 2813 in
1664 2765 1920 2828 loquendo

87 2918 142 2942 :s
258 2900 263 2904 “
306 2890 508 2933 u-HE
668 2906 695 2943 4
723 2891 894 2944 qqu:
927 2894 1042 2944 quod
1063 2906 1150 2934 recc.
1297 2905 1346 2931 21
1378 2898 1465 2932 tum
1485 2905 1569 2932 om.
1590 2891 1641 2931 M
1786 2895 1848 2932 ⁷26
1877 2894 1920 2932 in

186 2981 196 3022 l-
249 2945 538 3043 ffiffinsso
558 3003 596 3042 L
629 2960 684 2999 32
712 2948 756 2989 in
777 2949 948 2995 homine
968 2948 1078 2990 codd.
1099 2963 1108 2987 ι
1137 2949 1181 2987 in
1201 2947 1314 2987 omni
1336 2960 1383 2988 re
1402 2947 1585 2987 Eussner
1707 2947 1923 2998 loquendo

66 3048 74 3055 ,
111 3046 132 3068 s
152 3047 154 3049 .
188 3059 191 3062 ‚

1943 1040 1974 1090 7

1947 1118 1998 1158 24

1947 1643 1997 1686 ²⁵

1947 2037 1998 2080 26

250 2436 377 2492 nihil
415 2436 671 2489 incidisset
707 2448 882 2503 postea
918 2439 1103 2490 civitati
1141 2439 1272 2500 mali,
1313 2441 1451 2503 quod
1492 2455 1594 2489 non
1632 2438 1922 2502 impendere
1953 2489 1957 2491 .

1947 2535 1996 2579 ²7
