<?xml version="1.0" encoding="UTF-8"?>
<!DOCTYPE html PUBLIC "-//W3C//DTD XHTML 1.0 Transitional//EN"
    "http://www.w3.org/TR/xhtml1/DTD/xhtml1-transitional.dtd">
<html xmlns="http://www.w3.org/1999/xhtml" xml:lang="en" lang="en">
 <head>
  <title>
</title>
<meta http-equiv="Content-Type" content="text/html;charset=utf-8" />
  <meta name='ocr-system' content='tesseract 3.04.00' />
  <meta name='ocr-capabilities' content='ocr_page ocr_carea ocr_par ocr_line ocrx_word'/>
</head>
<body>
  <div class='ocr_page' id='page_1' title='image "./rhetoricarecogno01ciceuoft_0135.png"; bbox 0 0 2150 3444; ppageno 0'>
   <div class='ocr_carea' id='block_1_1' title="bbox 0 1481 15 1668">
    <p class='ocr_par' dir='ltr' id='par_1_1' title="bbox 0 1481 15 1668">
     <span class='ocr_line' id='line_1_1' title="bbox 0 1481 15 1668; textangle 90"><span class='ocrx_word' id='word_1_1' title='bbox 2 1661 6 1668; x_wconf 84' lang='lat'>-</span> <span class='ocrx_word' id='word_1_2' title='bbox 0 1560 15 1654; x_wconf 46' lang='lat' dir='ltr'>‹mv-,p-</span> <span class='ocrx_word' id='word_1_3' title='bbox 0 1511 15 1555; x_wconf 76' lang='grc'>-.</span> <span class='ocrx_word' id='word_1_4' title='bbox 0 1481 14 1505; x_wconf 49' lang='grc'>,-</span> 
     </span>
    </p>
   </div>
   <div class='ocr_carea' id='block_1_2' title="bbox 0 0 318 249">
    <p class='ocr_par' dir='ltr' id='par_1_2' title="bbox 0 0 318 249">
     <span class='ocr_line' id='line_1_2' title="bbox 0 0 318 249; baseline 0 3195"><span class='ocrx_word' id='word_1_5' title='bbox 0 0 318 249; x_wconf 95' lang='lat' dir='ltr'> </span> 
     </span>
    </p>
   </div>
   <div class='ocr_carea' id='block_1_3' title="bbox 756 140 1355 204">
    <p class='ocr_par' dir='ltr' id='par_1_3' title="bbox 756 140 1355 204">
     <span class='ocr_line' id='line_1_3' title="bbox 756 140 1355 204; baseline -0.005 -1"><span class='ocrx_word' id='word_1_6' title='bbox 756 155 852 203; x_wconf 87' lang='lat' dir='ltr'>DE</span> <span class='ocrx_word' id='word_1_7' title='bbox 887 140 1228 204; x_wconf 79' lang='lat' dir='ltr'>ORATORE</span> <span class='ocrx_word' id='word_1_8' title='bbox 1301 154 1355 201; x_wconf 92' lang='lat'>11</span> 
     </span>
    </p>
   </div>
   <div class='ocr_carea' id='block_1_4' title="bbox 173 291 1895 1008">
    <p class='ocr_par' dir='ltr' id='par_1_4' title="bbox 173 291 1895 1008">
     <span class='ocr_line' id='line_1_4' title="bbox 220 291 1884 360; baseline -0.002 -12"><span class='ocrx_word' id='word_1_9' title='bbox 220 294 430 349; x_wconf 69' lang='lat' dir='ltr'>veritate</span> <span class='ocrx_word' id='word_1_10' title='bbox 462 300 549 345; x_wconf 88' lang='lat' dir='ltr'>aut</span> <span class='ocrx_word' id='word_1_11' title='bbox 581 293 886 360; x_wconf 87' lang='lat' dir='ltr'>praescripto</span> <span class='ocrx_word' id='word_1_12' title='bbox 926 301 1012 342; x_wconf 94' lang='lat' dir='ltr'>aut</span> <span class='ocrx_word' id='word_1_13' title='bbox 1048 291 1164 342; x_wconf 90' lang='lat' dir='ltr'>iuris</span> <span class='ocrx_word' id='word_1_14' title='bbox 1200 308 1376 341; x_wconf 89' lang='lat' dir='ltr'>norma</span> <span class='ocrx_word' id='word_1_15' title='bbox 1412 291 1578 356; x_wconf 87' lang='lat' dir='ltr'>aliqua</span> <span class='ocrx_word' id='word_1_16' title='bbox 1612 301 1697 343; x_wconf 90' lang='lat' dir='ltr'>aut</span> <span class='ocrx_word' id='word_1_17' title='bbox 1733 293 1884 344; x_wconf 92' lang='lat' dir='ltr'>iudici</span> 
     </span>
     <span class='ocr_line' id='line_1_5' title="bbox 215 372 1884 440; baseline -0.004 -10"><span class='ocrx_word' id='word_1_18' title='bbox 215 379 436 430; x_wconf 75' lang='lat' dir='ltr'>formula</span> <span class='ocrx_word' id='word_1_19' title='bbox 458 385 543 426; x_wconf 87' lang='lat' dir='ltr'>aut</span> <span class='ocrx_word' id='word_1_20' title='bbox 570 375 776 440; x_wconf 89' lang='lat' dir='ltr'>legibus.</span> <span class='ocrx_word' id='word_1_21' title='bbox 850 376 965 437; x_wconf 85' lang='lat' dir='ltr'>Qua</span> <span class='ocrx_word' id='word_1_22' title='bbox 993 391 1057 435; x_wconf 89' lang='lat' dir='ltr'>re,</span> <span class='ocrx_word' id='word_1_23' title='bbox 1086 372 1180 422; x_wconf 92' lang='lat' dir='ltr'>nisi</span> <span class='ocrx_word' id='word_1_24' title='bbox 1213 372 1336 436; x_wconf 90' lang='lat' dir='ltr'>quid</span> <span class='ocrx_word' id='word_1_25' title='bbox 1365 372 1508 422; x_wconf 92' lang='lat' dir='ltr'>vobis</span> <span class='ocrx_word' id='word_1_26' title='bbox 1540 373 1675 424; x_wconf 91' lang='lat' dir='ltr'>aliud</span> <span class='ocrx_word' id='word_1_27' title='bbox 1708 376 1884 438; x_wconf 89' lang='lat' dir='ltr'>placet,</span> 
     </span>
     <span class='ocr_line' id='line_1_6' title="bbox 217 453 1889 523; baseline -0.003 -13"><span class='ocrx_word' id='word_1_28' title='bbox 217 460 291 510; x_wconf 71' lang='lat' dir='ltr'>ad</span> <span class='ocrx_word' id='word_1_29' title='bbox 327 459 411 508; x_wconf 91' lang='lat' dir='ltr'>illa</span> <span class='ocrx_word' id='word_1_30' title='bbox 444 474 719 523; x_wconf 70' lang='lat' dir='ltr'>pergamus</span> <span class='ocrx_word' id='word_1_31' title='bbox 795 457 1061 505; x_wconf 91' lang='lat' dir='ltr'>‘Paulum’</span> <span class='ocrx_word' id='word_1_32' title='bbox 1098 453 1259 518; x_wconf 92' lang='lat' dir='ltr'>inquit</span> <span class='ocrx_word' id='word_1_33' title='bbox 1295 455 1503 505; x_wconf 84' lang='lat' dir='ltr'><strong>Catulus</strong></span> <span class='ocrx_word' id='word_1_34' title='bbox 1542 454 1718 504; x_wconf 90' lang='lat' dir='ltr'>‘etiam</span> <span class='ocrx_word' id='word_1_35' title='bbox 1755 472 1889 505; x_wconf 90' lang='lat' dir='ltr'>nunc</span> 
     </span>
     <span class='ocr_line' id='line_1_7' title="bbox 219 534 1890 600; baseline -0.005 -8"><span class='ocrx_word' id='word_1_36' title='bbox 219 542 400 592; x_wconf 86' lang='lat' dir='ltr'>deesse</span> <span class='ocrx_word' id='word_1_37' title='bbox 434 539 629 589; x_wconf 86' lang='lat' dir='ltr'>videtur</span> <span class='ocrx_word' id='word_1_38' title='bbox 664 538 734 587; x_wconf 92' lang='lat' dir='ltr'>eis</span> <span class='ocrx_word' id='word_1_39' title='bbox 770 537 930 596; x_wconf 88' lang='lat' dir='ltr'>rebus,</span> <span class='ocrx_word' id='word_1_40' title='bbox 959 535 1163 596; x_wconf 89' lang='lat' dir='ltr'>Antoni,</span> <span class='ocrx_word' id='word_1_41' title='bbox 1192 552 1314 600; x_wconf 88' lang='lat' dir='ltr'>quas</span> <span class='ocrx_word' id='word_1_42' title='bbox 1348 534 1630 600; x_wconf 85' lang='lat' dir='ltr'>exposuisti,</span> <span class='ocrx_word' id='word_1_43' title='bbox 1658 538 1795 600; x_wconf 89' lang='lat' dir='ltr'>quod</span> <span class='ocrx_word' id='word_1_44' title='bbox 1829 537 1890 585; x_wconf 90' lang='lat' dir='ltr'>sit</span> 
     </span>
     <span class='ocr_line' id='line_1_8' title="bbox 173 616 1890 686; baseline -0.005 -10"><span class='ocrx_word' id='word_1_45' title='bbox 173 633 201 678; x_wconf 72' lang='grc' dir='ltr'>Ξ</span> <span class='ocrx_word' id='word_1_46' title='bbox 225 622 318 674; x_wconf 91' lang='lat' dir='ltr'>tibi</span> <span class='ocrx_word' id='word_1_47' title='bbox 340 630 457 672; x_wconf 86' lang='lat' dir='ltr'>ante</span> <span class='ocrx_word' id='word_1_48' title='bbox 486 619 849 686; x_wconf 87' lang='lat' dir='ltr'>explicandum,</span> <span class='ocrx_word' id='word_1_49' title='bbox 878 634 1028 682; x_wconf 91' lang='lat' dir='ltr'>quam</span> <span class='ocrx_word' id='word_1_50' title='bbox 1058 617 1174 666; x_wconf 90' lang='lat' dir='ltr'>illuc</span> <span class='ocrx_word' id='word_1_51' title='bbox 1206 616 1531 681; x_wconf 84' lang='lat' dir='ltr'>proficiscare,</span> <span class='ocrx_word' id='word_1_52' title='bbox 1561 634 1662 681; x_wconf 91' lang='lat' dir='ltr'>quo</span> <span class='ocrx_word' id='word_1_53' title='bbox 1687 627 1735 667; x_wconf 91' lang='lat' dir='ltr'>te</span> <span class='ocrx_word' id='word_1_54' title='bbox 1766 617 1890 667; x_wconf 88' lang='lat' dir='ltr'>dicis</span> 
     </span>
     <span class='ocr_line' id='line_1_9' title="bbox 226 697 1890 763; baseline -0.004 -8"><span class='ocrx_word' id='word_1_55' title='bbox 226 704 515 755; x_wconf 87' lang='lat' dir='ltr'>intendere.&#39;</span> <span class='ocrx_word' id='word_1_56' title='bbox 587 699 935 763; x_wconf 87' lang='lat' dir='ltr'>‘Quidnam?&#39;</span> <span class='ocrx_word' id='word_1_57' title='bbox 970 698 1143 762; x_wconf 90' lang='lat' dir='ltr'>inquit.</span> <span class='ocrx_word' id='word_1_58' title='bbox 1221 697 1352 760; x_wconf 88' lang='lat' dir='ltr'>‘Qui</span> <span class='ocrx_word' id='word_1_59' title='bbox 1386 699 1510 748; x_wconf 92' lang='lat' dir='ltr'>ordo</span> <span class='ocrx_word' id='word_1_60' title='bbox 1546 697 1636 748; x_wconf 92' lang='lat' dir='ltr'>tibi</span> <span class='ocrx_word' id='word_1_61' title='bbox 1672 701 1890 763; x_wconf 90' lang='lat' dir='ltr'>placeat&#39;</span> 
     </span>
     <span class='ocr_line' id='line_1_10' title="bbox 225 779 1891 850; baseline -0.004 -14"><span class='ocrx_word' id='word_1_62' title='bbox 225 784 388 850; x_wconf 90' lang='lat' dir='ltr'>inquit</span> <span class='ocrx_word' id='word_1_63' title='bbox 411 783 618 836; x_wconf 86' lang='lat' dir='ltr'>Catulus</span> <span class='ocrx_word' id='word_1_64' title='bbox 645 785 721 831; x_wconf 92' lang='lat' dir='ltr'>‘et</span> <span class='ocrx_word' id='word_1_65' title='bbox 750 797 878 844; x_wconf 90' lang='lat' dir='ltr'>quae</span> <span class='ocrx_word' id='word_1_66' title='bbox 906 779 1167 844; x_wconf 87' lang='lat' dir='ltr'>dispositio</span> <span class='ocrx_word' id='word_1_67' title='bbox 1196 789 1610 844; x_wconf 89' lang='lat' dir='ltr'>argumentorum,</span> <span class='ocrx_word' id='word_1_68' title='bbox 1639 780 1690 829; x_wconf 93' lang='lat' dir='ltr'>in</span> <span class='ocrx_word' id='word_1_69' title='bbox 1716 797 1814 844; x_wconf 89' lang='lat' dir='ltr'>qua</span> <span class='ocrx_word' id='word_1_70' title='bbox 1838 790 1891 829; x_wconf 92' lang='lat' dir='ltr'>tu</span> 
     </span>
     <span class='ocr_line' id='line_1_11' title="bbox 226 860 1893 930; baseline -0.005 -12"><span class='ocrx_word' id='word_1_71' title='bbox 226 866 351 918; x_wconf 88' lang='lat' dir='ltr'>mihi</span> <span class='ocrx_word' id='word_1_72' title='bbox 385 880 580 930; x_wconf 89' lang='lat' dir='ltr'>semper</span> <span class='ocrx_word' id='word_1_73' title='bbox 613 863 738 913; x_wconf 90' lang='lat' dir='ltr'>deus</span> <span class='ocrx_word' id='word_1_74' title='bbox 773 860 928 911; x_wconf 88' lang='lat' dir='ltr'>videri</span> <span class='ocrx_word' id='word_1_75' title='bbox 965 863 1124 911; x_wconf 89' lang='lat' dir='ltr'>soles.&#39;</span> <span class='ocrx_word' id='word_1_76' title='bbox 1199 862 1356 911; x_wconf 92' lang='lat' dir='ltr'>‘Vide</span> <span class='ocrx_word' id='word_1_77' title='bbox 1390 879 1540 925; x_wconf 89' lang='lat' dir='ltr'>quam</span> <span class='ocrx_word' id='word_1_78' title='bbox 1578 862 1697 911; x_wconf 91' lang='lat' dir='ltr'>sim&#39;</span> <span class='ocrx_word' id='word_1_79' title='bbox 1733 860 1893 925; x_wconf 88' lang='lat' dir='ltr'>inquit</span> 
     </span>
     <span class='ocr_line' id='line_1_12' title="bbox 229 941 1895 1008; baseline -0.004 -9"><span class='ocrx_word' id='word_1_80' title='bbox 229 949 382 999; x_wconf 87' lang='lat' dir='ltr'>‘deus</span> <span class='ocrx_word' id='word_1_81' title='bbox 422 945 474 995; x_wconf 91' lang='lat' dir='ltr'>in</span> <span class='ocrx_word' id='word_1_82' title='bbox 511 944 607 1004; x_wconf 86' lang='lat' dir='ltr'>isto</span> <span class='ocrx_word' id='word_1_83' title='bbox 644 959 836 1008; x_wconf 89' lang='lat' dir='ltr'>genere,</span> <span class='ocrx_word' id='word_1_84' title='bbox 877 944 1084 993; x_wconf 85' lang='lat' dir='ltr'>Catule:</span> <span class='ocrx_word' id='word_1_85' title='bbox 1136 959 1239 992; x_wconf 90' lang='lat' dir='ltr'>non</span> <span class='ocrx_word' id='word_1_86' title='bbox 1280 944 1480 992; x_wconf 85' lang='lat' dir='ltr'>hercule</span> <span class='ocrx_word' id='word_1_87' title='bbox 1518 942 1642 992; x_wconf 91' lang='lat' dir='ltr'>mihi</span> <span class='ocrx_word' id='word_1_88' title='bbox 1680 941 1775 992; x_wconf 92' lang='lat' dir='ltr'>nisi</span> <span class='ocrx_word' id='word_1_89' title='bbox 1812 943 1895 992; x_wconf 91' lang='lat' dir='ltr'>ad-</span> 
     </span>
    </p>
   </div>
   <div class='ocr_carea' id='block_1_5' title="bbox 144 1023 1891 1089">
    <p class='ocr_par' dir='ltr' id='par_1_5' title="bbox 144 1023 1891 1089">
     <span class='ocr_line' id='line_1_13' title="bbox 144 1023 1891 1089; baseline -0.005 -8"><span class='ocrx_word' id='word_1_90' title='bbox 144 1048 207 1080; x_wconf 76' lang='lat'>&#39;10</span> <span class='ocrx_word' id='word_1_91' title='bbox 225 1028 421 1080; x_wconf 88' lang='lat' dir='ltr'>monito</span> <span class='ocrx_word' id='word_1_92' title='bbox 443 1025 658 1077; x_wconf 91' lang='lat' dir='ltr'>venisset</span> <span class='ocrx_word' id='word_1_93' title='bbox 682 1024 734 1074; x_wconf 91' lang='lat' dir='ltr'>in</span> <span class='ocrx_word' id='word_1_94' title='bbox 757 1033 1009 1085; x_wconf 82' lang='lat' dir='ltr'>mentem3</span> <span class='ocrx_word' id='word_1_95' title='bbox 1045 1033 1099 1074; x_wconf 92' lang='lat' dir='ltr'>ut</span> <span class='ocrx_word' id='word_1_96' title='bbox 1128 1024 1287 1089; x_wconf 89' lang='lat' dir='ltr'>possis</span> <span class='ocrx_word' id='word_1_97' title='bbox 1320 1024 1597 1075; x_wconf 88' lang='lat' dir='ltr'>existimare</span> <span class='ocrx_word' id='word_1_98' title='bbox 1628 1042 1708 1075; x_wconf 91' lang='lat' dir='ltr'>me</span> <span class='ocrx_word' id='word_1_99' title='bbox 1738 1023 1788 1073; x_wconf 93' lang='lat' dir='ltr'>in</span> <span class='ocrx_word' id='word_1_100' title='bbox 1819 1040 1891 1084; x_wconf 89' lang='lat' dir='ltr'>ea,</span> 
     </span>
    </p>
   </div>
   <div class='ocr_carea' id='block_1_6' title="bbox 157 1105 1902 2642">
    <p class='ocr_par' dir='ltr' id='par_1_6' title="bbox 157 1105 1902 2642">
     <span class='ocr_line' id='line_1_14' title="bbox 220 1105 1894 1174; baseline -0.004 -14"><span class='ocrx_word' id='word_1_101' title='bbox 220 1109 281 1160; x_wconf 83' lang='lat' dir='ltr'>in</span> <span class='ocrx_word' id='word_1_102' title='bbox 304 1108 486 1174; x_wconf 90' lang='lat' dir='ltr'>quibus</span> <span class='ocrx_word' id='word_1_103' title='bbox 515 1124 619 1158; x_wconf 91' lang='lat' dir='ltr'>non</span> <span class='ocrx_word' id='word_1_104' title='bbox 651 1122 926 1170; x_wconf 85' lang='lat' dir='ltr'>numquam</span> <span class='ocrx_word' id='word_1_105' title='bbox 956 1105 1145 1170; x_wconf 89' lang='lat' dir='ltr'>aliquid</span> <span class='ocrx_word' id='word_1_106' title='bbox 1179 1107 1371 1156; x_wconf 88' lang='lat' dir='ltr'>efficere</span> <span class='ocrx_word' id='word_1_107' title='bbox 1400 1106 1584 1167; x_wconf 89' lang='lat' dir='ltr'>videor,</span> <span class='ocrx_word' id='word_1_108' title='bbox 1613 1123 1705 1155; x_wconf 91' lang='lat' dir='ltr'>usu</span> <span class='ocrx_word' id='word_1_109' title='bbox 1739 1107 1894 1155; x_wconf 85' lang='lat' dir='ltr'>solere</span> 
     </span>
     <span class='ocr_line' id='line_1_15' title="bbox 227 1188 1892 1253; baseline -0.004 -10"><span class='ocrx_word' id='word_1_110' title='bbox 227 1192 280 1243; x_wconf 88' lang='lat' dir='ltr'>in</span> <span class='ocrx_word' id='word_1_111' title='bbox 303 1191 523 1243; x_wconf 88' lang='lat' dir='ltr'>dicendo</span> <span class='ocrx_word' id='word_1_112' title='bbox 546 1190 624 1240; x_wconf 91' lang='lat' dir='ltr'>vel</span> <span class='ocrx_word' id='word_1_113' title='bbox 653 1205 771 1239; x_wconf 90' lang='lat' dir='ltr'>casu</span> <span class='ocrx_word' id='word_1_114' title='bbox 803 1188 969 1253; x_wconf 92' lang='lat' dir='ltr'>potius</span> <span class='ocrx_word' id='word_1_115' title='bbox 999 1188 1256 1239; x_wconf 89' lang='lat' dir='ltr'>incurrere.</span> <span class='ocrx_word' id='word_1_116' title='bbox 1331 1190 1408 1238; x_wconf 93' lang='lat' dir='ltr'>Ac</span> <span class='ocrx_word' id='word_1_117' title='bbox 1440 1206 1516 1239; x_wconf 90' lang='lat' dir='ltr'>res</span> <span class='ocrx_word' id='word_1_118' title='bbox 1546 1188 1750 1253; x_wconf 86' lang='lat' dir='ltr'>quidem</span> <span class='ocrx_word' id='word_1_119' title='bbox 1786 1188 1892 1247; x_wconf 88' lang='lat' dir='ltr'>ista,</span> 
     </span>
     <span class='ocr_line' id='line_1_16' title="bbox 228 1269 1894 1340; baseline -0.004 -16"><span class='ocrx_word' id='word_1_120' title='bbox 228 1289 381 1340; x_wconf 87' lang='lat' dir='ltr'>quam</span> <span class='ocrx_word' id='word_1_121' title='bbox 405 1289 511 1337; x_wconf 89' lang='lat' dir='ltr'>eg0‚</span> <span class='ocrx_word' id='word_1_122' title='bbox 534 1270 651 1336; x_wconf 91' lang='lat' dir='ltr'>quia</span> <span class='ocrx_word' id='word_1_123' title='bbox 673 1288 775 1321; x_wconf 91' lang='lat' dir='ltr'>non</span> <span class='ocrx_word' id='word_1_124' title='bbox 802 1282 988 1330; x_wconf 84' lang='lat' dir='ltr'>noram,</span> <span class='ocrx_word' id='word_1_125' title='bbox 1012 1270 1083 1320; x_wconf 90' lang='lat' dir='ltr'>sic</span> <span class='ocrx_word' id='word_1_126' title='bbox 1108 1280 1362 1335; x_wconf 86' lang='lat' dir='ltr'>tamquam</span> <span class='ocrx_word' id='word_1_127' title='bbox 1389 1271 1613 1334; x_wconf 91' lang='lat' dir='ltr'>ignotum</span> <span class='ocrx_word' id='word_1_128' title='bbox 1638 1269 1894 1320; x_wconf 91' lang='lat' dir='ltr'>hominem</span> 
     </span>
     <span class='ocr_line' id='line_1_17' title="bbox 229 1352 1893 1422; baseline -0.004 -16"><span class='ocrx_word' id='word_1_129' title='bbox 229 1354 570 1422; x_wconf 88' lang='lat' dir='ltr'>praeteribam,</span> <span class='ocrx_word' id='word_1_130' title='bbox 610 1362 803 1402; x_wconf 89' lang='lat' dir='ltr'>tantum</span> <span class='ocrx_word' id='word_1_131' title='bbox 842 1361 1006 1416; x_wconf 89' lang='lat' dir='ltr'>potest</span> <span class='ocrx_word' id='word_1_132' title='bbox 1047 1352 1098 1401; x_wconf 90' lang='lat' dir='ltr'>in</span> <span class='ocrx_word' id='word_1_133' title='bbox 1135 1352 1365 1413; x_wconf 93' lang='lat' dir='ltr'>dicendo,</span> <span class='ocrx_word' id='word_1_134' title='bbox 1403 1362 1457 1402; x_wconf 93' lang='lat' dir='ltr'>ut</span> <span class='ocrx_word' id='word_1_135' title='bbox 1491 1355 1556 1403; x_wconf 90' lang='lat' dir='ltr'>ad</span> <span class='ocrx_word' id='word_1_136' title='bbox 1593 1353 1893 1402; x_wconf 89' lang='lat' dir='ltr'>vincendum</span> 
     </span>
     <span class='ocr_line' id='line_1_18' title="bbox 157 1432 1894 1500; baseline -0.003 -12"><span class='ocrx_word' id='word_1_137' title='bbox 157 1454 208 1497; x_wconf 88' lang='lat'>15</span> <span class='ocrx_word' id='word_1_138' title='bbox 229 1437 366 1487; x_wconf 88' lang='lat' dir='ltr'>nulla</span> <span class='ocrx_word' id='word_1_139' title='bbox 388 1437 500 1500; x_wconf 91' lang='lat' dir='ltr'>plus</span> <span class='ocrx_word' id='word_1_140' title='bbox 524 1433 710 1500; x_wconf 86' lang='lat' dir='ltr'>possit3</span> <span class='ocrx_word' id='word_1_141' title='bbox 746 1435 834 1484; x_wconf 92' lang='lat' dir='ltr'>sed</span> <span class='ocrx_word' id='word_1_142' title='bbox 859 1443 1025 1483; x_wconf 91' lang='lat' dir='ltr'>tamen</span> <span class='ocrx_word' id='word_1_143' title='bbox 1051 1432 1173 1482; x_wconf 89' lang='lat' dir='ltr'>mihi</span> <span class='ocrx_word' id='word_1_144' title='bbox 1196 1434 1376 1484; x_wconf 90' lang='lat' dir='ltr'>videris</span> <span class='ocrx_word' id='word_1_145' title='bbox 1400 1443 1515 1484; x_wconf 90' lang='lat' dir='ltr'>ante</span> <span class='ocrx_word' id='word_1_146' title='bbox 1540 1443 1736 1498; x_wconf 88' lang='lat' dir='ltr'>tempus</span> <span class='ocrx_word' id='word_1_147' title='bbox 1760 1451 1790 1483; x_wconf 92' lang='lat' dir='ltr'>a</span> <span class='ocrx_word' id='word_1_148' title='bbox 1814 1450 1894 1482; x_wconf 92' lang='lat' dir='ltr'>me</span> 
     </span>
     <span class='ocr_line' id='line_1_19' title="bbox 229 1514 1891 1579; baseline -0.003 -11"><span class='ocrx_word' id='word_1_149' title='bbox 229 1517 474 1568; x_wconf 89' lang='lat' dir='ltr'>rationem</span> <span class='ocrx_word' id='word_1_150' title='bbox 502 1514 690 1565; x_wconf 89' lang='lat' dir='ltr'>ordinis</span> <span class='ocrx_word' id='word_1_151' title='bbox 722 1523 771 1565; x_wconf 93' lang='lat' dir='ltr'>et</span> <span class='ocrx_word' id='word_1_152' title='bbox 799 1514 1224 1578; x_wconf 90' lang='lat' dir='ltr'>disponendarum</span> <span class='ocrx_word' id='word_1_153' title='bbox 1258 1532 1418 1564; x_wconf 91' lang='lat' dir='ltr'>rerum</span> <span class='ocrx_word' id='word_1_154' title='bbox 1449 1514 1740 1579; x_wconf 78' lang='lat' dir='ltr'>requisisse3</span> <span class='ocrx_word' id='word_1_155' title='bbox 1776 1531 1891 1563; x_wconf 91' lang='lat' dir='ltr'>nam</span> 
     </span>
     <span class='ocr_line' id='line_1_20' title="bbox 230 1595 1895 1663; baseline -0.002 -15"><span class='ocrx_word' id='word_1_156' title='bbox 230 1598 272 1648; x_wconf 90' lang='lat' dir='ltr'>si</span> <span class='ocrx_word' id='word_1_157' title='bbox 296 1615 390 1663; x_wconf 90' lang='lat' dir='ltr'>ego</span> <span class='ocrx_word' id='word_1_158' title='bbox 413 1613 616 1647; x_wconf 87' lang='lat' dir='ltr'>ornnem</span> <span class='ocrx_word' id='word_1_159' title='bbox 641 1595 740 1644; x_wconf 93' lang='lat' dir='ltr'>vim</span> <span class='ocrx_word' id='word_1_160' title='bbox 775 1595 979 1646; x_wconf 90' lang='lat' dir='ltr'>oratoris</span> <span class='ocrx_word' id='word_1_161' title='bbox 1012 1595 1063 1645; x_wconf 93' lang='lat' dir='ltr'>in</span> <span class='ocrx_word' id='word_1_162' title='bbox 1095 1596 1395 1660; x_wconf 86' lang='lat' dir='ltr'>argumentis</span> <span class='ocrx_word' id='word_1_163' title='bbox 1425 1606 1473 1647; x_wconf 94' lang='lat' dir='ltr'>et</span> <span class='ocrx_word' id='word_1_164' title='bbox 1503 1596 1554 1645; x_wconf 93' lang='lat' dir='ltr'>in</span> <span class='ocrx_word' id='word_1_165' title='bbox 1586 1614 1638 1646; x_wconf 91' lang='lat' dir='ltr'>re</span> <span class='ocrx_word' id='word_1_166' title='bbox 1671 1596 1777 1661; x_wconf 90' lang='lat' dir='ltr'>ipsa</span> <span class='ocrx_word' id='word_1_167' title='bbox 1808 1613 1895 1660; x_wconf 93' lang='lat' dir='ltr'>per</span> 
     </span>
     <span class='ocr_line' id='line_1_21' title="bbox 230 1677 1896 1743; baseline -0.002 -12"><span class='ocrx_word' id='word_1_168' title='bbox 230 1697 285 1731; x_wconf 91' lang='lat' dir='ltr'>se</span> <span class='ocrx_word' id='word_1_169' title='bbox 322 1679 697 1743; x_wconf 91' lang='lat' dir='ltr'>comprobanda</span> <span class='ocrx_word' id='word_1_170' title='bbox 733 1677 1023 1742; x_wconf 90' lang='lat' dir='ltr'>posuissem,</span> <span class='ocrx_word' id='word_1_171' title='bbox 1063 1687 1260 1743; x_wconf 88' lang='lat' dir='ltr'>tempus</span> <span class='ocrx_word' id='word_1_172' title='bbox 1302 1688 1430 1729; x_wconf 88' lang='lat' dir='ltr'>esset</span> <span class='ocrx_word' id='word_1_173' title='bbox 1476 1679 1574 1729; x_wconf 89' lang='lat' dir='ltr'>iam</span> <span class='ocrx_word' id='word_1_174' title='bbox 1617 1681 1680 1729; x_wconf 91' lang='lat' dir='ltr'>de</span> <span class='ocrx_word' id='word_1_175' title='bbox 1722 1678 1896 1729; x_wconf 87' lang='lat' dir='ltr'>ordine</span> 
     </span>
     <span class='ocr_line' id='line_1_22' title="bbox 230 1759 1898 1826; baseline 0 -16"><span class='ocrx_word' id='word_1_176' title='bbox 230 1768 633 1826; x_wconf 85' lang='lat' dir='ltr'>argumentorum</span> <span class='ocrx_word' id='word_1_177' title='bbox 673 1767 722 1809; x_wconf 91' lang='lat' dir='ltr'>et</span> <span class='ocrx_word' id='word_1_178' title='bbox 768 1759 833 1809; x_wconf 92' lang='lat' dir='ltr'>de</span> <span class='ocrx_word' id='word_1_179' title='bbox 882 1759 1230 1824; x_wconf 86' lang='lat' dir='ltr'>conlocatione</span> <span class='ocrx_word' id='word_1_180' title='bbox 1267 1776 1429 1810; x_wconf 92' lang='lat' dir='ltr'>rerum</span> <span class='ocrx_word' id='word_1_181' title='bbox 1464 1759 1653 1824; x_wconf 91' lang='lat' dir='ltr'>aliquid</span> <span class='ocrx_word' id='word_1_182' title='bbox 1703 1760 1898 1821; x_wconf 84' lang='lat' dir='ltr'>dicere3</span> 
     </span>
     <span class='ocr_line' id='line_1_23' title="bbox 158 1839 1900 1904; baseline -0.001 -11"><span class='ocrx_word' id='word_1_183' title='bbox 158 1861 210 1893; x_wconf 59' lang='grc' dir='ltr'>πο</span> <span class='ocrx_word' id='word_1_184' title='bbox 230 1842 322 1892; x_wconf 88' lang='lat' dir='ltr'>sed</span> <span class='ocrx_word' id='word_1_185' title='bbox 355 1857 472 1891; x_wconf 91' lang='lat' dir='ltr'>cum</span> <span class='ocrx_word' id='word_1_186' title='bbox 502 1839 592 1889; x_wconf 83' lang='lat' dir='ltr'>tria</span> <span class='ocrx_word' id='word_1_187' title='bbox 629 1840 727 1889; x_wconf 91' lang='lat' dir='ltr'>sint</span> <span class='ocrx_word' id='word_1_188' title='bbox 761 1857 792 1890; x_wconf 89' lang='lat' dir='ltr'>a</span> <span class='ocrx_word' id='word_1_189' title='bbox 821 1857 902 1890; x_wconf 91' lang='lat' dir='ltr'>me</span> <span class='ocrx_word' id='word_1_190' title='bbox 932 1839 1196 1904; x_wconf 89' lang='lat' dir='ltr'>proposita,</span> <span class='ocrx_word' id='word_1_191' title='bbox 1225 1842 1289 1890; x_wconf 93' lang='lat' dir='ltr'>de</span> <span class='ocrx_word' id='word_1_192' title='bbox 1325 1857 1427 1890; x_wconf 92' lang='lat' dir='ltr'>uno</span> <span class='ocrx_word' id='word_1_193' title='bbox 1463 1840 1666 1901; x_wconf 91' lang='lat' dir='ltr'>dictum,</span> <span class='ocrx_word' id='word_1_194' title='bbox 1695 1858 1810 1890; x_wconf 90' lang='lat' dir='ltr'>cum</span> <span class='ocrx_word' id='word_1_195' title='bbox 1835 1843 1900 1891; x_wconf 93' lang='lat' dir='ltr'>de</span> 
     </span>
     <span class='ocr_line' id='line_1_24' title="bbox 230 1921 1902 1986; baseline 0 -14"><span class='ocrx_word' id='word_1_196' title='bbox 230 1922 431 1972; x_wconf 90' lang='lat' dir='ltr'>duobus</span> <span class='ocrx_word' id='word_1_197' title='bbox 453 1921 654 1986; x_wconf 89' lang='lat' dir='ltr'>reliquis</span> <span class='ocrx_word' id='word_1_198' title='bbox 673 1921 856 1981; x_wconf 89' lang='lat' dir='ltr'>dixero,</span> <span class='ocrx_word' id='word_1_199' title='bbox 887 1930 992 1970; x_wconf 91' lang='lat' dir='ltr'>tum</span> <span class='ocrx_word' id='word_1_200' title='bbox 1014 1921 1103 1971; x_wconf 91' lang='lat' dir='ltr'>erit</span> <span class='ocrx_word' id='word_1_201' title='bbox 1128 1921 1345 1985; x_wconf 91' lang='lat' dir='ltr'>denique</span> <span class='ocrx_word' id='word_1_202' title='bbox 1371 1923 1434 1971; x_wconf 91' lang='lat' dir='ltr'>de</span> <span class='ocrx_word' id='word_1_203' title='bbox 1459 1921 1774 1986; x_wconf 89' lang='lat' dir='ltr'>disponenda</span> <span class='ocrx_word' id='word_1_204' title='bbox 1797 1931 1902 1972; x_wconf 92' lang='lat' dir='ltr'>tota</span> 
     </span>
     <span class='ocr_line' id='line_1_25' title="bbox 231 2003 831 2068; baseline -0.003 -14"><span class='ocrx_word' id='word_1_205' title='bbox 231 2003 455 2054; x_wconf 88' lang='lat' dir='ltr'>oratione</span> <span class='ocrx_word' id='word_1_206' title='bbox 478 2005 831 2068; x_wconf 86' lang='lat' dir='ltr'>quaerendum.</span> 
     </span>
     <span class='ocr_line' id='line_1_26' title="bbox 299 2085 1899 2151; baseline 0.001 -16"><span class='ocrx_word' id='word_1_207' title='bbox 299 2088 446 2137; x_wconf 90' lang='lat' dir='ltr'>Valet</span> <span class='ocrx_word' id='word_1_208' title='bbox 476 2085 621 2151; x_wconf 90' lang='lat' dir='ltr'>igitur</span> <span class='ocrx_word' id='word_1_209' title='bbox 652 2088 864 2136; x_wconf 91' lang='lat' dir='ltr'>multum</span> <span class='ocrx_word' id='word_1_210' title='bbox 897 2088 962 2136; x_wconf 90' lang='lat' dir='ltr'>ad</span> <span class='ocrx_word' id='word_1_211' title='bbox 987 2086 1290 2137; x_wconf 91' lang='lat' dir='ltr'>vincendum</span> <span class='ocrx_word' id='word_1_212' title='bbox 1324 2087 1521 2151; x_wconf 90' lang='lat' dir='ltr'>probari</span> <span class='ocrx_word' id='word_1_213' title='bbox 1555 2104 1716 2138; x_wconf 93' lang='lat' dir='ltr'>mores</span> <span class='ocrx_word' id='word_1_214' title='bbox 1749 2098 1798 2138; x_wconf 95' lang='lat' dir='ltr'>et</span> <span class='ocrx_word' id='word_1_215' title='bbox 1830 2087 1899 2137; x_wconf 89' lang='lat' dir='ltr'>in-</span> 
     </span>
     <span class='ocr_line' id='line_1_27' title="bbox 233 2165 1894 2232; baseline 0.002 -16"><span class='ocrx_word' id='word_1_216' title='bbox 233 2165 402 2216; x_wconf 91' lang='lat' dir='ltr'>stituta</span> <span class='ocrx_word' id='word_1_217' title='bbox 425 2176 474 2217; x_wconf 91' lang='lat' dir='ltr'>et</span> <span class='ocrx_word' id='word_1_218' title='bbox 498 2169 627 2217; x_wconf 88' lang='lat' dir='ltr'>facta</span> <span class='ocrx_word' id='word_1_219' title='bbox 649 2176 699 2217; x_wconf 95' lang='lat' dir='ltr'>et</span> <span class='ocrx_word' id='word_1_220' title='bbox 722 2167 875 2216; x_wconf 88' lang='lat' dir='ltr'>vitam</span> <span class='ocrx_word' id='word_1_221' title='bbox 901 2185 1087 2228; x_wconf 89' lang='lat' dir='ltr'>eorum,</span> <span class='ocrx_word' id='word_1_222' title='bbox 1117 2168 1203 2232; x_wconf 91' lang='lat' dir='ltr'>qui</span> <span class='ocrx_word' id='word_1_223' title='bbox 1237 2178 1385 2232; x_wconf 91' lang='lat' dir='ltr'>agent</span> <span class='ocrx_word' id='word_1_224' title='bbox 1419 2184 1603 2228; x_wconf 84' lang='lat' dir='ltr'>causas,</span> <span class='ocrx_word' id='word_1_225' title='bbox 1633 2178 1681 2218; x_wconf 91' lang='lat' dir='ltr'>et</span> <span class='ocrx_word' id='word_1_226' title='bbox 1710 2186 1894 2230; x_wconf 90' lang='lat' dir='ltr'>eorum,</span> 
     </span>
     <span class='ocr_line' id='line_1_28' title="bbox 160 2248 1899 2317; baseline -0.002 -15"><span class='ocrx_word' id='word_1_227' title='bbox 160 2271 209 2314; x_wconf 82' lang='lat'>²5</span> <span class='ocrx_word' id='word_1_228' title='bbox 230 2265 322 2314; x_wconf 91' lang='lat' dir='ltr'>pro</span> <span class='ocrx_word' id='word_1_229' title='bbox 363 2248 558 2313; x_wconf 92' lang='lat' dir='ltr'>quibus,</span> <span class='ocrx_word' id='word_1_230' title='bbox 601 2249 810 2317; x_wconf 79' lang='lat' dir='ltr'>etitem</span> <span class='ocrx_word' id='word_1_231' title='bbox 852 2249 1120 2314; x_wconf 88' lang='lat' dir='ltr'>improbari</span> <span class='ocrx_word' id='word_1_232' title='bbox 1163 2250 1564 2309; x_wconf 89' lang='lat' dir='ltr'>adversariorum,</span> <span class='ocrx_word' id='word_1_233' title='bbox 1606 2250 1899 2314; x_wconf 90' lang='lat' dir='ltr'>animosque</span> 
     </span>
     <span class='ocr_line' id='line_1_29' title="bbox 231 2332 1900 2396; baseline 0.001 -15"><span class='ocrx_word' id='word_1_234' title='bbox 231 2348 418 2391; x_wconf 89' lang='lat' dir='ltr'>eorum,</span> <span class='ocrx_word' id='word_1_235' title='bbox 445 2333 580 2396; x_wconf 90' lang='lat' dir='ltr'>apud</span> <span class='ocrx_word' id='word_1_236' title='bbox 605 2348 732 2396; x_wconf 92' lang='lat' dir='ltr'>quos</span> <span class='ocrx_word' id='word_1_237' title='bbox 755 2341 937 2396; x_wconf 89' lang='lat' dir='ltr'>agetur,</span> <span class='ocrx_word' id='word_1_238' title='bbox 971 2332 1222 2381; x_wconf 89' lang='lat' dir='ltr'>conciliari</span> <span class='ocrx_word' id='word_1_239' title='bbox 1247 2350 1398 2396; x_wconf 90' lang='lat' dir='ltr'>quam</span> <span class='ocrx_word' id='word_1_240' title='bbox 1429 2332 1640 2382; x_wconf 89' lang='lat' dir='ltr'>maxime</span> <span class='ocrx_word' id='word_1_241' title='bbox 1664 2334 1728 2382; x_wconf 92' lang='lat' dir='ltr'>ad</span> <span class='ocrx_word' id='word_1_242' title='bbox 1754 2334 1900 2383; x_wconf 90' lang='lat' dir='ltr'>bene-</span> 
     </span>
     <span class='ocr_line' id='line_1_30' title="bbox 232 2412 1901 2478; baseline 0 -15"><span class='ocrx_word' id='word_1_243' title='bbox 232 2412 502 2463; x_wconf 91' lang='lat' dir='ltr'>volentiam</span> <span class='ocrx_word' id='word_1_244' title='bbox 526 2429 642 2463; x_wconf 89' lang='lat' dir='ltr'>cum</span> <span class='ocrx_word' id='word_1_245' title='bbox 667 2430 780 2477; x_wconf 91' lang='lat' dir='ltr'>erga</span> <span class='ocrx_word' id='word_1_246' title='bbox 805 2422 1049 2463; x_wconf 89' lang='lat' dir='ltr'>oratorem</span> <span class='ocrx_word' id='word_1_247' title='bbox 1076 2422 1182 2462; x_wconf 92' lang='lat' dir='ltr'>tum</span> <span class='ocrx_word' id='word_1_248' title='bbox 1208 2430 1322 2478; x_wconf 85' lang='lat' dir='ltr'>erga</span> <span class='ocrx_word' id='word_1_249' title='bbox 1346 2413 1497 2473; x_wconf 92' lang='lat' dir='ltr'>illum,</span> <span class='ocrx_word' id='word_1_250' title='bbox 1529 2430 1617 2477; x_wconf 91' lang='lat' dir='ltr'>pro</span> <span class='ocrx_word' id='word_1_251' title='bbox 1643 2430 1744 2477; x_wconf 91' lang='lat' dir='ltr'>quo</span> <span class='ocrx_word' id='word_1_252' title='bbox 1768 2414 1901 2464; x_wconf 92' lang='lat' dir='ltr'>dicet</span> 
     </span>
     <span class='ocr_line' id='line_1_31' title="bbox 228 2494 1902 2559; baseline 0 -14"><span class='ocrx_word' id='word_1_253' title='bbox 228 2504 407 2545; x_wconf 89' lang='lat' dir='ltr'>orator.</span> <span class='ocrx_word' id='word_1_254' title='bbox 482 2494 825 2546; x_wconf 91' lang='lat' dir='ltr'>Conciliantur</span> <span class='ocrx_word' id='word_1_255' title='bbox 848 2505 1014 2545; x_wconf 91' lang='lat' dir='ltr'>autem</span> <span class='ocrx_word' id='word_1_256' title='bbox 1040 2495 1194 2544; x_wconf 93' lang='lat' dir='ltr'>animi</span> <span class='ocrx_word' id='word_1_257' title='bbox 1228 2495 1465 2559; x_wconf 86' lang='lat' dir='ltr'>dignitate</span> <span class='ocrx_word' id='word_1_258' title='bbox 1498 2495 1727 2556; x_wconf 91' lang='lat' dir='ltr'>hominis,</span> <span class='ocrx_word' id='word_1_259' title='bbox 1756 2496 1902 2545; x_wconf 87' lang='lat' dir='ltr'>rebus</span> 
     </span>
     <span class='ocr_line' id='line_1_32' title="bbox 229 2576 1902 2642; baseline 0.001 -16"><span class='ocrx_word' id='word_1_260' title='bbox 229 2576 397 2641; x_wconf 87' lang='lat' dir='ltr'>gestis,</span> <span class='ocrx_word' id='word_1_261' title='bbox 421 2576 783 2627; x_wconf 87' lang='lat' dir='ltr'>existimatione</span> <span class='ocrx_word' id='word_1_262' title='bbox 813 2578 943 2627; x_wconf 89' lang='lat' dir='ltr'>vitae</span> <span class='ocrx_word' id='word_1_263' title='bbox 960 2595 973 2638; x_wconf 83' lang='lat'>3</span> <span class='ocrx_word' id='word_1_264' title='bbox 1016 2595 1144 2641; x_wconf 90' lang='lat' dir='ltr'>quae</span> <span class='ocrx_word' id='word_1_265' title='bbox 1180 2577 1370 2627; x_wconf 91' lang='lat' dir='ltr'>facilius</span> <span class='ocrx_word' id='word_1_266' title='bbox 1410 2578 1570 2627; x_wconf 90' lang='lat' dir='ltr'>ornari</span> <span class='ocrx_word' id='word_1_267' title='bbox 1607 2587 1832 2642; x_wconf 91' lang='lat' dir='ltr'>possunt,</span> <span class='ocrx_word' id='word_1_268' title='bbox 1861 2578 1902 2628; x_wconf 89' lang='lat' dir='ltr'>si</span> 
     </span>
    </p>
   </div>
   <div class='ocr_carea' id='block_1_7' title="bbox 284 2718 1899 2774">
    <p class='ocr_par' dir='ltr' id='par_1_7' title="bbox 284 2718 1899 2774">
     <span class='ocr_line' id='line_1_33' title="bbox 284 2718 1899 2774; baseline 0.002 -15"><span class='ocrx_word' id='word_1_269' title='bbox 284 2718 339 2759; x_wconf 89' lang='lat' dir='ltr'><em>M</em></span> <span class='ocrx_word' id='word_1_270' title='bbox 355 2739 391 2753; x_wconf 89' lang='lat'>=</span> <span class='ocrx_word' id='word_1_271' title='bbox 412 2719 553 2759; x_wconf 86' lang='grc' dir='ltr'>ΑΕΗ</span> <span class='ocrx_word' id='word_1_272' title='bbox 660 2733 685 2759; x_wconf 86' lang='lat'>2</span> <span class='ocrx_word' id='word_1_273' title='bbox 714 2720 837 2760; x_wconf 85' lang='lat' dir='ltr'>nobis</span> <span class='ocrx_word' id='word_1_274' title='bbox 857 2719 935 2772; x_wconf 81' lang='grc' dir='ltr'>Μγ</span> <span class='ocrx_word' id='word_1_275' title='bbox 1057 2733 1083 2770; x_wconf 87' lang='lat'><strong>3</strong></span> <span class='ocrx_word' id='word_1_276' title='bbox 1114 2721 1336 2760; x_wconf 87' lang='lat' dir='ltr'>Paululum</span> <span class='ocrx_word' id='word_1_277' title='bbox 1357 2720 1394 2759; x_wconf 92' lang='lat' dir='ltr'><em>L</em></span> <span class='ocrx_word' id='word_1_278' title='bbox 1506 2723 1532 2760; x_wconf 90' lang='lat'>8</span> <span class='ocrx_word' id='word_1_279' title='bbox 1576 2734 1668 2762; x_wconf 89' lang='lat' dir='ltr'>sum</span> <span class='ocrx_word' id='word_1_280' title='bbox 1687 2719 1737 2760; x_wconf 90' lang='lat' dir='ltr'><em>M</em></span> <span class='ocrx_word' id='word_1_281' title='bbox 1851 2735 1899 2774; x_wconf 86' lang='lat'>¹7</span> 
     </span>
    </p>
   </div>
   <div class='ocr_carea' id='block_1_8' title="bbox 230 2773 1906 2938">
    <p class='ocr_par' dir='ltr' id='par_1_8' title="bbox 230 2773 1906 2938">
     <span class='ocr_line' id='line_1_34' title="bbox 231 2773 1900 2829; baseline 0.002 -15"><span class='ocrx_word' id='word_1_282' title='bbox 231 2779 276 2814; x_wconf 89' lang='lat' dir='ltr'>et</span> <span class='ocrx_word' id='word_1_283' title='bbox 296 2787 343 2814; x_wconf 88' lang='lat' dir='ltr'>re</span> <span class='ocrx_word' id='word_1_284' title='bbox 362 2773 511 2813; x_wconf 81' lang='lat' dir='ltr'>AE¹m</span> <span class='ocrx_word' id='word_1_285' title='bbox 664 2789 715 2826; x_wconf 92' lang='lat'>19</span> <span class='ocrx_word' id='word_1_286' title='bbox 743 2775 1022 2815; x_wconf 88' lang='lat' dir='ltr'>collocatione</span> <span class='ocrx_word' id='word_1_287' title='bbox 1042 2774 1120 2826; x_wconf 86' lang='lat' dir='ltr'>Lg.</span> <span class='ocrx_word' id='word_1_288' title='bbox 1146 2788 1198 2826; x_wconf 89' lang='lat'>32</span> <span class='ocrx_word' id='word_1_289' title='bbox 1221 2775 1283 2816; x_wconf 89' lang='lat' dir='ltr'>O:</span> <span class='ocrx_word' id='word_1_290' title='bbox 1316 2776 1495 2815; x_wconf 58' lang='lat' dir='ltr'>{locatio</span> <span class='ocrx_word' id='word_1_291' title='bbox 1519 2778 1592 2826; x_wconf 92' lang='lat' dir='ltr'>(ne</span> <span class='ocrx_word' id='word_1_292' title='bbox 1614 2789 1754 2817; x_wconf 89' lang='lat' dir='ltr'>rerum</span> <span class='ocrx_word' id='word_1_293' title='bbox 1778 2778 1819 2817; x_wconf 79' lang='lat' dir='ltr'>in</span> <span class='ocrx_word' id='word_1_294' title='bbox 1840 2784 1900 2829; x_wconf 85' lang='lat' dir='ltr'>sp.</span> 
     </span>
     <span class='ocr_line' id='line_1_35' title="bbox 230 2828 1902 2882; baseline 0.001 -12"><span class='ocrx_word' id='word_1_295' title='bbox 230 2841 315 2870; x_wconf 86' lang='lat' dir='ltr'>vac.</span> <span class='ocrx_word' id='word_1_296' title='bbox 336 2828 406 2880; x_wconf 85' lang='lat' dir='ltr'>H&#39;)</span> <span class='ocrx_word' id='word_1_297' title='bbox 425 2843 436 2868; x_wconf 68' lang='grc' dir='ltr'>ε</span> <span class='ocrx_word' id='word_1_298' title='bbox 465 2828 650 2870; x_wconf 85' lang='lat' dir='ltr'>conlatio</span> <span class='ocrx_word' id='word_1_299' title='bbox 670 2830 713 2869; x_wconf 87' lang='lat' dir='ltr'><em>A</em></span> <span class='ocrx_word' id='word_1_300' title='bbox 879 2830 1020 2880; x_wconf 92' lang='lat' dir='ltr'>aliqua</span> <span class='ocrx_word' id='word_1_301' title='bbox 1039 2828 1093 2868; x_wconf 91' lang='lat' dir='ltr'><em>M</em></span> <span class='ocrx_word' id='word_1_302' title='bbox 1275 2842 1331 2870; x_wconf 81' lang='lat'>20</span> <span class='ocrx_word' id='word_1_303' title='bbox 1359 2831 1496 2882; x_wconf 87' lang='lat' dir='ltr'>posita</span> <span class='ocrx_word' id='word_1_304' title='bbox 1517 2831 1607 2870; x_wconf 85' lang='lat' dir='ltr'>HA</span> <span class='ocrx_word' id='word_1_305' title='bbox 1615 2845 1658 2870; x_wconf 92' lang='lat' dir='ltr'>m</span> <span class='ocrx_word' id='word_1_306' title='bbox 1848 2844 1902 2882; x_wconf 84' lang='lat'>23</span> 
     </span>
     <span class='ocr_line' id='line_1_36' title="bbox 231 2882 1906 2938; baseline 0.001 -15"><span class='ocrx_word' id='word_1_307' title='bbox 231 2883 459 2924; x_wconf 86' lang='lat' dir='ltr'>dicendum</span> <span class='ocrx_word' id='word_1_308' title='bbox 479 2882 534 2922; x_wconf 89' lang='lat' dir='ltr'><em>M</em></span> <span class='ocrx_word' id='word_1_309' title='bbox 693 2898 745 2934; x_wconf 86' lang='lat'>24</span> <span class='ocrx_word' id='word_1_310' title='bbox 775 2889 817 2924; x_wconf 88' lang='lat' dir='ltr'>et</span> <span class='ocrx_word' id='word_1_311' title='bbox 838 2884 946 2924; x_wconf 84' lang='lat' dir='ltr'>facta</span> <span class='ocrx_word' id='word_1_312' title='bbox 966 2890 1008 2924; x_wconf 90' lang='lat' dir='ltr'>et</span> <span class='ocrx_word' id='word_1_313' title='bbox 1029 2886 1155 2925; x_wconf 91' lang='lat' dir='ltr'>vitam</span> <span class='ocrx_word' id='word_1_314' title='bbox 1177 2898 1260 2925; x_wconf 89' lang='lat' dir='ltr'>om.</span> <span class='ocrx_word' id='word_1_315' title='bbox 1285 2884 1339 2923; x_wconf 92' lang='lat' dir='ltr'><em>M</em></span> <span class='ocrx_word' id='word_1_316' title='bbox 1499 2898 1551 2936; x_wconf 85' lang='lat'>25</span> <span class='ocrx_word' id='word_1_317' title='bbox 1582 2886 1709 2926; x_wconf 84' lang='lat' dir='ltr'>etiam</span> <span class='ocrx_word' id='word_1_318' title='bbox 1730 2887 1828 2938; x_wconf 87' lang='lat' dir='ltr'>imp.</span> <span class='ocrx_word' id='word_1_319' title='bbox 1854 2885 1906 2925; x_wconf 90' lang='lat' dir='ltr'><em>M</em></span> 
     </span>
    </p>
   </div>
   <div class='ocr_carea' id='block_1_9' title="bbox 231 2936 1799 2990">
    <p class='ocr_par' dir='ltr' id='par_1_9' title="bbox 231 2936 1799 2990">
     <span class='ocr_line' id='line_1_37' title="bbox 231 2936 1799 2990; baseline 0.002 -13"><span class='ocrx_word' id='word_1_320' title='bbox 231 2938 286 2977; x_wconf 79' lang='lat'>26</span> <span class='ocrx_word' id='word_1_321' title='bbox 313 2938 454 2989; x_wconf 84' lang='lat' dir='ltr'>agitur</span> <span class='ocrx_word' id='word_1_322' title='bbox 471 2936 509 2976; x_wconf 92' lang='lat' dir='ltr'><em>L</em></span> <span class='ocrx_word' id='word_1_323' title='bbox 657 2951 709 2990; x_wconf 84' lang='lat'>27</span> <span class='ocrx_word' id='word_1_324' title='bbox 740 2944 828 2978; x_wconf 91' lang='lat' dir='ltr'>tum</span> <span class='ocrx_word' id='word_1_325' title='bbox 850 2951 953 2990; x_wconf 87' lang='lat' dir='ltr'>erga</span> <span class='ocrx_word' id='word_1_326' title='bbox 971 2951 1033 2980; x_wconf 90' lang='lat' dir='ltr'>or.</span> <span class='ocrx_word' id='word_1_327' title='bbox 1058 2938 1146 2978; x_wconf 92' lang='lat' dir='ltr'>ML</span> <span class='ocrx_word' id='word_1_328' title='bbox 1301 2941 1354 2979; x_wconf 87' lang='lat'>28</span> <span class='ocrx_word' id='word_1_329' title='bbox 1382 2940 1520 2980; x_wconf 87' lang='lat' dir='ltr'>omnis</span> <span class='ocrx_word' id='word_1_330' title='bbox 1542 2941 1727 2981; x_wconf 87' lang='lat' dir='ltr'>robustis</span> <span class='ocrx_word' id='word_1_331' title='bbox 1746 2939 1799 2980; x_wconf 89' lang='lat' dir='ltr'><em>M</em></span> 
     </span>
    </p>
   </div>
   <div class='ocr_carea' id='block_1_10' title="bbox 1907 164 2073 220">
    <p class='ocr_par' dir='ltr' id='par_1_10' title="bbox 1907 164 2073 220">
     <span class='ocr_line' id='line_1_38' title="bbox 1907 164 2073 220; baseline -0.006 -13"><span class='ocrx_word' id='word_1_332' title='bbox 1907 170 1974 218; x_wconf 79' lang='lat'>42</span> <span class='ocrx_word' id='word_1_333' title='bbox 1996 164 2073 220; x_wconf 80' lang='lat'>178</span> 
     </span>
    </p>
   </div>
   <div class='ocr_carea' id='block_1_11' title="bbox 1914 392 1991 437">
    <p class='ocr_par' dir='ltr' id='par_1_11' title="bbox 1914 392 1991 437">
     <span class='ocr_line' id='line_1_39' title="bbox 1914 392 1991 437; baseline 0 0"><span class='ocrx_word' id='word_1_334' title='bbox 1914 392 1991 437; x_wconf 85' lang='lat'>179</span> 
     </span>
    </p>
   </div>
   <div class='ocr_carea' id='block_1_12' title="bbox 1922 865 1998 906">
    <p class='ocr_par' dir='ltr' id='par_1_12' title="bbox 1922 865 1998 906">
     <span class='ocr_line' id='line_1_40' title="bbox 1922 865 1998 906; baseline 0.013 -1"><span class='ocrx_word' id='word_1_335' title='bbox 1922 865 1998 906; x_wconf 88' lang='lat'>180</span> 
     </span>
    </p>
   </div>
   <div class='ocr_carea' id='block_1_13' title="bbox 1921 1521 2025 1562">
    <p class='ocr_par' dir='ltr' id='par_1_13' title="bbox 1921 1521 2025 1562">
     <span class='ocr_line' id='line_1_41' title="bbox 1921 1521 2025 1562; baseline 0 -1"><span class='ocrx_word' id='word_1_336' title='bbox 1921 1521 1996 1562; x_wconf 88' lang='lat'>181</span> <span class='ocrx_word' id='word_1_337' title='bbox 2022 1525 2025 1528; x_wconf 84' lang='grc'>’</span> 
     </span>
    </p>
   </div>
   <div class='ocr_carea' id='block_1_14' title="bbox 1923 2051 1991 2099">
    <p class='ocr_par' dir='ltr' id='par_1_14' title="bbox 1923 2051 1991 2099">
     <span class='ocr_line' id='line_1_42' title="bbox 1923 2051 1991 2099; baseline 0 0"><span class='ocrx_word' id='word_1_338' title='bbox 1923 2051 1991 2099; x_wconf 88' lang='lat'>43</span> 
     </span>
    </p>
   </div>
   <div class='ocr_carea' id='block_1_15' title="bbox 1927 2118 2001 2156">
    <p class='ocr_par' dir='ltr' id='par_1_15' title="bbox 1927 2118 2001 2156">
     <span class='ocr_line' id='line_1_43' title="bbox 1927 2118 2001 2156; baseline 0 -1"><span class='ocrx_word' id='word_1_339' title='bbox 1927 2118 2001 2156; x_wconf 82' lang='lat'>182</span> 
     </span>
    </p>
   </div>
  </div>
 </body>
</html>
