2150 3444
104 168 170 220 43
193 173 270 220 170

189 473 264 522 171

185 1697 257 1741 172

182 2122 255 2161 173

750 162 822 211 Μ,
861 161 1071 210 TVLLI
1087 168 1090 171 ’
1109 161 1493 212 CICERONIS

289 301 590 362 translatum,
607 302 755 365 quod
780 299 991 350 maxime
1014 309 1268 365 tamquam
1301 299 1451 351 stellis
1476 299 1773 365 quibusdam
1790 309 1944 353 notat

286 389 339 430 et
362 381 604 431 illuminat
628 382 915 432 orationem.

357 462 585 526 Sequitur
625 463 931 513 continuatio
962 463 1236 523 verborum,
1272 479 1401 527 quae
1437 464 1561 514 duas
1598 479 1675 514 res
1715 463 1940 526 maxime,

287 543 682 594 conlocationem
700 544 926 607 primum,
946 544 1127 594 deinde
1143 545 1349 594 modum
1369 546 1619 608 quendam
1635 546 1944 610 formamque

285 624 545 674 desiderat.
619 624 990 676 Conlocationis
1037 634 1111 675 est
1147 642 1448 689 componere
1487 634 1536 675 et
1574 634 1758 676 struere
1794 626 1944 677 verba
1966 641 1989 682 5

287 704 375 766 sie,
411 714 463 754 ut
503 722 627 754 neve
667 723 808 770 asper
843 721 1014 755 eorum
1049 722 1316 756 concursus
1351 723 1477 756 neve
1511 705 1704 756 hiulcus
1739 706 1814 767 sit,
1852 708 1943 758 sed

284 786 505 848 quodam
535 788 688 835 modo
721 796 1090 850 coagmentatus
1123 796 1171 836 et
1202 786 1320 836 levis
1336 806 1351 848 3
1385 787 1437 836 in
1461 803 1562 851 quo
1593 786 1758 851 lepide
1785 786 1943 837 soceri

286 865 383 915 mei
424 882 634 930 persona
670 866 784 916 lusit
830 867 884 927 is,
929 867 1014 931 qui
1060 866 1420 931 elegantissime
1465 867 1518 917 id
1559 869 1719 919 facere
1763 867 1938 933 potuit,

287 945 532 996 Lucilius:

352 1044 503 1091 quam
538 1027 704 1092 lepide
738 1030 887 1088 λέξεις
920 1033 1237 1093 compostae!
1288 1038 1344 1080 ut
1377 1031 1649 1080 tesserulae
1675 1045 1851 1081 omnae
1967 1052 2018 1083 10

350 1118 453 1158 arte
487 1108 772 1172 pavimento
806 1119 956 1174 atque
991 1111 1289 1160 emblemate
1322 1110 1656 1162 vermiculato,

283 1191 428 1252 Quae
456 1207 571 1240 cum
603 1190 808 1241 dixisset
840 1190 892 1239 in
922 1190 1191 1240 Albucium
1222 1191 1466 1254 inludenS,
1492 1209 1556 1242 ne
1579 1209 1609 1242 a
1632 1208 1713 1243 me
1735 1191 1945 1258 quidem

281 1270 547 1321 abstinuit:

350 1354 583 1403 Crassum
620 1352 782 1403 habeo
817 1369 1067 1417 generum,
1107 1369 1171 1403 ne
1204 1353 1581 1404 rhetoricoterus
1616 1362 1670 1404 tu
1705 1351 1783 1405 sis.

283 1434 421 1496 Quid
453 1437 605 1497 ergo?
675 1436 777 1483 Iste
812 1430 1032 1495 CrassuS,
1059 1434 1301 1499 quoniam*
1325 1434 1435 1485 ‘eius
1469 1434 1684 1485 abuteris
1718 1434 1934 1498 nomine,
1963 1453 2012 1496 ¹5

282 1514 405 1578 quid
446 1514 629 1564 efficit?
722 1516 855 1564 Illud
893 1515 1129 1579 quidem3
1163 1514 1363 1576 scilicet,
1405 1523 1460 1564 ut
1499 1515 1581 1564 ille
1618 1517 1722 1566 vult
1761 1525 1812 1568 et
1845 1533 1938 1582 ego

280 1597 472 1655 vellem,
519 1595 694 1644 melius
732 1595 986 1659 aliquanto
1032 1612 1184 1660 quam
1219 1594 1490 1646 Albucius:
1542 1611 1712 1645 verum
1757 1595 1810 1646 in
1856 1613 1940 1651 me

282 1675 485 1739 quidem
510 1675 624 1724 lusit
648 1675 743 1736 ille,
764 1684 824 1724 vut
849 1677 985 1725 solet.
1058 1677 1159 1726 Sed
1194 1684 1268 1724 est
1302 1684 1469 1725 tamen
1504 1676 1627 1725 haec
1651 1676 1936 1726 conlocatio

281 1758 618 1806 conservanda
633 1757 908 1817 verborum,
927 1758 992 1805 de
1016 1772 1115 1820 qua
1138 1757 1345 1819 loquor;
1380 1771 1508 1820 quae
1531 1755 1747 1805 vinctam
1762 1755 1938 1806 oratio·

281 1853 396 1886 nem
421 1837 580 1898 efficit,
599 1853 727 1901 quae
751 1839 1111 1899 cohaerentem,
1131 1853 1259 1901 quae
1278 1839 1450 1898 levem,
1472 1853 1599 1900 quae
1616 1837 1937 1901 aequabiliter
1959 1853 2011 1884 πο

280 1920 547 1980 fluentem3
592 1918 645 1967 id
684 1918 1040 1982 adsequemini‚
1084 1918 1125 1967 si
1164 1919 1314 1968 verba
1360 1927 1575 1967 extrema
1614 1933 1729 1968 cum
1767 1935 1936 1970 conse-

280 1999 545 2064 quentibus
583 1999 751 2064 primis
789 1999 856 2049 ita
896 2000 1170 2064 iungentur,
1198 2008 1252 2048 ut
1286 2016 1411 2049 neve
1439 2016 1610 2063 aspere
1640 2010 1934 2053 concurrant

280 2097 404 2130 neve
450 2080 633 2130 vastius
679 2079 989 2131 diducantur.
1077 2082 1227 2129 Hanc
1268 2079 1572 2144 diligentiam
1619 2080 1935 2145 subsequitur

280 2163 459 2211 modus
483 2161 631 2210 etiam
656 2170 705 2210 et
739 2163 895 2210 forma
918 2161 1193 2222 verborum,
1220 2163 1358 2226 quod
1381 2162 1479 2211 iam
1514 2179 1685 2213 vereor
1719 2180 1783 2213 ne
1817 2162 1933 2213 huic

279 2242 458 2292 Catulo
482 2241 704 2291 videatur
728 2258 835 2291 esse
858 2240 1075 2306 puerile3
1109 2258 1276 2293 versus
1294 2242 1435 2292 'enim
1459 2251 1647 2295 veteres
1671 2243 1740 2293 illi
1763 2242 1815 2292 in
1839 2244 1933 2293 hac
1957 2256 2006 2299 25

277 2323 437 2371 soluta
474 2321 694 2372 oratione
716 2324 1109 2387 propemodum,
1153 2325 1250 2373 hoc
1288 2333 1375 2386 est,
1416 2340 1648 2375 numeros
1689 2326 1932 2390 quosdam

278 2402 422 2452 nobis
469 2419 577 2452 esse
616 2402 928 2454 adhibendos
976 2413 1300 2468 putaverunt:
1336 2404 1741 2471 interspirationis
1781 2405 1931 2468 enim,

336 2532 390 2571 M
406 2551 441 2565 =
462 2531 600 2571 AEH
757 2546 784 2573 2
812 2520 1004 2575 illustrat
1024 2521 1257 2575 orationem
1296 2516 1462 2588 (mdrg
1490 2516 1624 2577 notat*
1640 2520 1705 2588 et)
1733 2534 1792 2588 A,
1825 2534 1937 2577 unde

277 2586 458 2626 illustrat
477 2594 520 2627 et
549 2592 667 2628 notat
688 2601 733 2627 m
895 2591 924 2629 6
951 2590 1215 2640 asperiorum
1241 2588 1284 2627 A
1308 2601 1362 2639 32
1383 2603 1393 2629 τ
1437 2590 1632 2640 asperior
1652 2603 1717 2630 me
1907 2602 1935 2640 7

278 2640 419 2691 lepide
439 2640 476 2678 L
497 2641 606 2694 vulg.
628 2656 637 2681 :
683 2641 835 2692 lepidis
854 2640 929 2683 H:
968 2644 1100 2694 lepidi
1119 2643 1162 2683 A
1184 2658 1194 2684 ς
1233 2643 1364 2694 lepidi
1391 2643 1435 2683 in
1456 2657 1503 2684 ετ
1542 2643 1685 2694 lepide
1709 2643 1753 2683 in
1771 2641 1940 2693 Ernesti

276 2707 305 2744 9
335 2695 521 2735 Lucilius
534 2696 646 2747 vulg.
669 2711 679 2736 :
701 2697 747 2737 L.
767 2695 821 2735 M
949 2709 1000 2737 10
1028 2697 1137 2738 lexis
1158 2697 1299 2750 (orat.
1319 2710 1384 2747 44.
1410 2709 1488 2748 149
1501 2696 1684 2749 Nonius)
1705 2712 1716 2738 e
1734 2710 1789 2737 ex
1808 2699 1846 2738 is
1859 2698 1934 2750 A:

279 2759 334 2788 ex
353 2749 406 2789 iis
425 2749 478 2789 H
491 2764 501 2790 ε
529 2761 583 2789 ex
602 2751 667 2790 his
683 2763 748 2790 me
767 2764 777 2791 t
803 2751 1006 2791 sinthesis
1025 2748 1064 2790 L
1175 2757 1419 2802 compostae
1437 2763 1520 2802 32:
1550 2753 1784 2803 composite
1798 2750 1932 2792 ALm

283 2815 331 2852 14
361 2804 575 2845 rhetorico
594 2810 712 2845 teros
732 2803 792 2844 L}
874 2810 921 2844 tu
941 2805 1001 2846 sis
1022 2804 1099 2845 P²e
1118 2820 1128 2845 ε
1169 2810 1289 2845 tuses
1309 2803 1347 2843 L
1432 2805 1704 2845 nerhetorico
1723 2811 1768 2846 te
1787 2810 1932 2846 rustus

279 2857 343 2897 eis
372 2859 415 2897 A
486 2857 672 2899 Redeunt
694 2857 736 2897 A
763 2863 877 2899 vetus
903 2857 999 2898 etE
1228 2860 1278 2898 16
1305 2858 1416 2898 idem
1451 2857 1556 2910 illud
1589 2859 1747 2900 scilicet
1765 2858 1930 2912 Lmdg.

278 2912 409 2951 voluit
428 2910 466 2950 L
600 2925 650 2963 19
670 2913 862 2965 ,vinctam
882 2912 1050 2953 Ernesti
1063 2927 1073 2952 z
1102 2913 1284 2953 iunctam
1305 2911 1415 2953 codd.
1584 2925 1632 2952 21
1664 2914 1706 2954 id
1725 2919 1818 2953 omj‘
1831 2911 1940 2953 HF·

278 2967 407 3005 verba
426 2978 510 3006 om.
532 2965 585 3005 M
743 2979 797 3005 22
826 2967 1012 3017 iungetis
1029 2965 1077 3005 L·
1225 2979 1278 3017 23
1306 2979 1360 3007 ne
1379 2966 1539 3008 vastius
1556 2966 1611 3006 M
1769 2968 1823 3006 26
1850 2967 1933 3007 hoc

279 3026 344 3059 est
365 3019 402 3058 L
423 3034 432 3059 :
461 3021 542 3059 hoc
563 3019 616 3058 M
775 3033 824 3069 27
856 3021 970 3060 enim
989 3033 1072 3060 om.
1096 3020 1150 3060 M
