2150 3444
86 136 147 184 61
173 124 250 197 24'9
735 137 804 183 M.
845 137 1055 184 TVLLI
1095 135 1477 186 CICERONIS

272 272 392 322 verti
441 263 617 337 potuit,
663 282 737 323 est
783 275 1001 323 ductum.
1076 276 1090 298 ‘
1110 272 1246 335 Quid
1293 274 1389 323 hoc
1437 273 1598 324 Navio
1642 273 1862 339 ignavius
1879 277 1927 326 Ρ*

271 370 434 404 severe
463 355 628 419 Scipio
645 373 658 416 3
693 364 742 404 at
777 355 828 403 in
864 358 992 405 male
1028 357 1244 404 olentem
1269 355 1444 405 ‘video
1479 372 1560 405 me
1585 372 1616 405 a
1646 364 1696 406 te
1726 356 1930 407 circum·

269 435 450 484 veniri'
475 436 772 486 subridicule
802 436 1093 500 Philippus3
1139 444 1189 485 at
1223 444 1486 499 utrumque
1520 453 1674 500 genus
1708 437 1929 488 continet

167 530 246 572 250
268 515 402 565 verbi
439 517 504 565 ad
541 515 751 565 litteram
787 516 1032 565 immutati
1061 516 1342 566 similitudo.
1418 519 1493 566 Ex
1526 516 1760 581 ambiguo
1796 517 1930 568 dicta

267 597 345 645 vel
381 595 686 660 argutissima
723 605 972 660 putantur,
1010 599 1098 646 sed
1139 614 1241 646 non
1282 613 1474 661 semper
1519 597 1571 646 in
1617 597 1746 660 ioco,
1782 615 1930 663 saepe
1951 616 1976 658 5

268 675 415 724 etiam
439 675 490 724 in
513 676 745 740 gravitate
771 686 1031 726 versantur.
1093 677 1326 726 Africano
1351 677 1420 726 illi
1445 677 1679 741 superiori
1694 695 1929 728 coronam

269 754 362 804 sibi
397 755 447 803 in
484 756 711 806 convivio
746 758 811 806 ad
847 765 995 821 caput
1036 756 1454 818 accommodanti,
1489 774 1604 807 cum
1640 775 1698 807 ea
1733 758 1928 822 saepius

269 845 587 899 rumperetur,
620 838 672 885 P.
707 836 925 885 Licinius
949 839 1108 885 Varus
1144 836 1275 887 ‘noli
1311 837 1503 898 mirari,'
1531 837 1692 901 inquit
1720 837 1791 886 ‘si
1825 855 1929 888 non

269 916 514 978 convenit,
547 925 694 980 caput
729 916 862 965 enim
898 933 1132 980 magnum
1169 918 1299 966 est':
1336 926 1385 966 et
1415 917 1662 967 laudabile
1696 926 1746 967 et
1779 919 1930 968 hone·

269 1005 397 1045 stum
414 1015 428 1057 3
476 1005 525 1045 at
563 1014 622 1045 ex
656 998 835 1046 eodem
869 1013 1046 1061 genere
1078 1005 1152 1046 est
1176 998 1356 1047 ‘Calvo
1388 997 1503 1046 satis
1535 1007 1624 1059 est,
1648 1000 1785 1062 quod
1808 998 1929 1048 dicit
1954 1013 2003 1042 10

268 1079 470 1140 parum.'
540 1078 619 1125 Ne
660 1079 845 1125 multa:
892 1078 1085 1124 nullum
1131 1092 1286 1140 genus
1331 1085 1405 1125 est
1449 1077 1563 1138 ioci,
1598 1094 1699 1141 quo
1732 1095 1836 1128 non
1870 1095 1930 1128 ex

165 1174 243 1216 251
268 1159 446 1207 eodem
469 1173 636 1206 severa
659 1165 708 1205 et
730 1155 893 1220 gravia
916 1165 1182 1205 sumantur.
1232 1159 1399 1220 Atque
1421 1158 1519 1206 hoc
1542 1157 1690 1207 etiam
1713 1158 1931 1208 animad-

266 1241 557 1288 vertendum
608 1246 699 1299 est,
744 1254 847 1287 non
901 1254 1008 1286 esse
1062 1236 1231 1287 omnia
1279 1236 1485 1287 ridicula
1537 1240 1708 1288 faceta.
1792 1237 1930 1300 Quid

267 1319 401 1369 enim
424 1328 586 1384 potest
610 1335 717 1368 esse
740 1327 843 1368 tam
866 1318 1128 1368 ridiculum
1152 1334 1303 1382 quam
1326 1317 1501 1367 sannio
1525 1320 1638 1368 est?
1706 1319 1806 1368 Sed
1829 1335 1931 1381 ore,

267 1402 422 1462 vultu,
464 1398 734 1466 [imitandis
771 1395 1029 1465 moribus,]
1071 1414 1211 1460 voce,
1250 1398 1467 1462 denique
1506 1415 1711 1462 corpore
1746 1398 1931 1449 ridetur
1954 1417 2000 1458 15

268 1474 376 1545 ipso
393 1498 408 1542 3
442 1483 624 1530 salsum
643 1482 777 1529 hunc
791 1496 995 1544 possum
1013 1478 1177 1529 dicere
1195 1487 1344 1543 atque
1367 1478 1450 1541 ita,
1464 1495 1567 1529 non
1590 1488 1645 1528 ut
1668 1478 1773 1529 eius
1790 1478 1930 1530 modi

177 1562 246 1610 62
269 1571 510 1612 oratorem
533 1579 641 1611 esse
658 1561 823 1623 velim,
847 1562 936 1611 sed
959 1570 1014 1610 ut
1038 1560 1259 1610 mimum.
1327 1562 1443 1623 Qua
1464 1578 1515 1610 re
1537 1560 1751 1625 primum
1774 1577 1929 1626 genus

267 1645 380 1704 hoc,
395 1644 532 1706 quod
555 1642 706 1692 risum
724 1644 801 1691 vel
826 1641 1037 1691 maxime
1061 1650 1243 1703 movet,
1261 1658 1364 1691 non
1387 1649 1463 1690 est
1485 1650 1738 1691 nostrum:
1771 1657 1930 1691 moro-

267 1740 390 1785 sum,
403 1723 810 1788 superstitiosum,
825 1722 1168 1787 suspiciosum,
1183 1722 1464 1787 gloriosum,
1476 1724 1701 1772 stultum:
1725 1731 1928 1773 naturae

266 1804 520 1854 ridentur
507 1821 656 1869 lpsae‚
682 1821 804 1868 quas
828 1821 1062 1868 personas
1086 1803 1266 1868 agitare
1290 1805 1522 1865 solemus,
1545 1819 1648 1852 non
1671 1802 1924 1854 sustinere.
1951 1823 2004 1853 πο

166 1901 242 1942 252
267 1887 491 1935 Alterum
527 1902 681 1949 genus
716 1894 790 1934 est
825 1902 877 1935 m
913 1885 1187 1934 imitatione
1221 1886 1494 1934 admodum
1526 1883 1802 1945 ridiculum,
1837 1885 1927 1934 sed

267 1966 412 2015 nobis
443 1965 608 2015 furtim
645 1974 838 2015 tantum
873 1967 953 2016 uti
979 1966 1110 2028 licet,
1134 1965 1175 2015 si
1205 1967 1424 2029 quando,
1452 1974 1501 2014 et
1535 1964 1746 2026 cursim3
1789 1964 1928 2014 aliter

267 2046 401 2095 enim
447 2046 651 2096 minime
690 2055 764 2096 est
804 2046 1036 2096 liberale·
1022 2086 1037 2109 ,
1088 2046 1301 2108 tertium,
1341 2045 1438 2095 oris
1483 2044 1780 2109 depravatio,
1823 2062 1927 2095 non

267 2126 417 2190 digna
452 2127 632 2189 nobis3
689 2136 935 2191 quartum,
972 2126 1268 2188 obscenitas,
1313 2143 1416 2176 non
1462 2127 1624 2175 solum
1669 2142 1772 2175 non
1817 2127 1926 2175 foro

267 2207 433 2271 digna,
478 2210 567 2258 sed
612 2207 692 2257 vix
736 2207 965 2257 convivio
1009 2207 1287 2256 liberorum.
1375 2205 1617 2255 Detractis
1663 2204 1808 2269 igitur
1852 2214 1926 2255 tot
1949 2225 1998 2266 25

268 2289 413 2337 rebus
445 2306 504 2338 ex
531 2290 629 2338 hoc
656 2288 869 2338 oratorio
900 2289 1013 2337 loco
1043 2287 1248 2336 facetiae
1281 2286 1499 2349 reliquae
1529 2293 1657 2346 sunt,
1682 2301 1812 2349 quae
1841 2295 1927 2335 aut
2039 2277 2042 2280 ’

267 2367 319 2416 in
344 2386 407 2428 re,
435 2377 489 2418 ut
512 2378 626 2418 ante
650 2368 810 2430 divisi,
834 2368 1024 2431 positae
1040 2367 1269 2417 videntur
1290 2383 1397 2415 esse
1420 2374 1505 2415 aut
1526 2365 1580 2414 in
1594 2366 1776 2428 verbo3
1809 2383 1925 2416 nam

268 2451 422 2512 quod,
451 2450 847 2513 quibuscumque
881 2448 1041 2498 verbis
1076 2447 1270 2509 dixeris,
1301 2449 1515 2496 facetum
1549 2455 1716 2498 tamen
1750 2455 1836 2507 est,
1875 2464 1927 2496 re

267 2530 580 2592 continetur3
628 2532 766 2595 quod
807 2529 1007 2579 mutatis
1047 2528 1208 2579 verbis
1245 2529 1398 2577 salem
1437 2526 1634 2588 amittit,
1673 2525 1725 2576 in
1764 2527 1925 2578 verbis

268 2612 419 2660 habet
441 2628 643 2661 omnem
666 2614 897 2675 leporem.
1947 2626 2000 2667 30

320 2716 375 2756 M
390 2738 425 2752 =
446 2718 498 2758 H
662 2733 679 2757 1
712 2719 846 2759 Navio
866 2718 1114 2759 Fleckeisen.
1103 2733 1113 2743 ·
1144 2717 1309 2758 Naevio
1327 2715 1436 2758 codd.
1548 2728 1576 2755 ε
1603 2715 1831 2757 cumveniri
1845 2714 1922 2756 -.H
1913 2729 1923 2739 ·

267 2773 455 2811 coveniri
477 2773 555 2812 lem
719 2775 747 2811 6
776 2773 924 2812 maiori
944 2774 981 2812 L
1143 2773 1170 2811 8
1191 2771 1426 2812 militariH
1585 2782 1634 2809 10
1654 2769 1785 2809 Calvo
1799 2767 1923 2813 Hm.

267 2825 424 2866 Calvus
439 2826 475 2864 L
496 2827 608 2879 vulg.
728 2837 777 2876 15
806 2827 1019 2866 imitandis
1038 2826 1220 2866 moribus
1240 2824 1380 2865 delevit
1398 2822 1537 2863 Bake.
1566 2823 1748 2863 motibus
1759 2822 1925 2862 Nonius

272 2881 322 2918 16
350 2886 395 2919 ut
412 2894 495 2922 om.
511 2880 605 2919 Hm
733 2882 782 2919 18
809 2882 890 2920 hoc
910 2894 992 2920 om.
1013 2880 1107 2919 Hm
1270 2879 1337 2918 vel
1366 2891 1450 2917 om.
1475 2876 1569 2916 Hm
1679 2889 1728 2915 21
1758 2876 1803 2914 in
1823 2874 1918 2915 add.

267 2932 441 2985 Madvig
454 2933 584 2986 (Adv.
604 2933 667 2974 Cr.
693 2935 735 2974 ii.
766 2934 860 2985 186)
973 2947 1024 2972 22
1052 2935 1116 2973 uti
1135 2932 1295 2972 addi‘dzt
1310 2932 1471 2982 Kayser
1561 2929 1829 2970 cursimiliter
1845 2927 1920 2971 H·

269 2999 449 3027 cursum.
511 2988 703 3027 Alterum
723 2986 760 3024 L
869 3000 922 3037 23
942 2988 1055 3026 enim
1075 2986 1187 3026 codd.
1210 2999 1219 3025 ε
1248 2991 1291 3025 et
1309 2984 1377 3023 H:
1407 2997 1488 3025 om.
1509 2982 1547 3021 L
1711 2994 1763 3032 24
1792 2982 1921 3033 digna

267 3054 350 3081 om.
375 3041 423 3079 H
586 3043 639 3080 26
667 3042 758 3081 ioco
778 3040 872 3080 Hm
