2150 3444
119 135 177 183 16
203 140 256 182 68
741 135 811 182 Μ.
852 134 1062 193 TVLLI
1100 133 1482 185 CICERONIS

280 273 538 338 separatim
563 276 627 324 de
652 273 727 324 his
761 275 906 323 rebus
941 274 1350 338 philosophorum
1388 292 1524 326 more
1549 280 1857 342 respondeat,
1882 288 1934 330 at

279 363 410 405 certe
446 363 500 404 ut
535 354 586 403 in
622 371 769 404 causa
806 356 1072 418 prudenter
1109 355 1265 418 possit
1300 355 1514 406 intexere
1529 375 1544 419 3
1597 358 1733 409 hisce
1766 369 1932 410 autem

279 435 397 500 ipsis
422 437 486 487 de
510 436 655 486 rebus
680 445 734 485 ut
758 435 826 485 ita
857 438 1097 499 loquatur,
1117 436 1196 485 uti
1229 436 1287 497 ei,
1315 436 1399 499 qui
1424 436 1540 498 iura,
1568 439 1653 502 qui
1676 441 1820 503 leges,
1847 441 1934 504 qui

279 517 499 567 civitates
523 517 895 577 constituerunt,
923 517 1075 566 locuti
1112 527 1239 578 sunt,
1268 516 1553 581 simpliciter
1585 528 1634 568 et
1658 520 1931 583 splendide,

279 598 384 648 sine
420 600 518 647 ulla
553 598 674 648 serie
710 598 1099 662 disputationum
1138 607 1186 647 et
1228 598 1334 648 sine
1369 598 1533 648 ieiuna
1569 601 1934 651 concertatione
1955 615 1978 656 5

203 681 255 736 69
279 681 551 729 verborum.
627 681 744 728 Hoc
775 681 887 728 loco
918 696 982 728 ne
1006 695 1104 742 qua
1128 678 1189 728 sit
1216 679 1489 740 admiratio,
1511 680 1551 728 si
1575 689 1649 729 tot
1673 690 1933 730 tantarum-

279 778 375 824 que
400 778 559 810 rerum
585 763 719 810 nulla
741 760 874 810 a“me
899 769 1160 824 praecepta
1178 769 1436 824 ponentur,
1464 760 1534 810 sic
1559 770 1721 810 statuo
1743 782 1753 812 ε
1803 772 1857 812 ut
1881 763 1933 812 in

277 842 449 891 ceteris
484 842 682 902 artibus,
721 858 835 890 cum
869 841 1045 890 tradita
1081 840 1178 890 sint
1213 841 1452 904 cuiusque
1483 841 1600 891 artis
1630 843 1928 904 difficillima,

276 923 475 986 reliqua,
504 923 618 986 quia
641 931 725 971 aut
750 922 966 971 faciliora
990 931 1074 970 aut
1107 921 1283 971 similia
1315 921 1426 982 sint,
1453 922 1579 971 tradi
1603 940 1705 972 non
1729 941 1932 981 necesse

276 1020 416 1064 esse3
452 1012 506 1052 ut
542 1003 594 1051 in
631 1003 832 1066 pictura,
874 1002 959 1066 qui
998 1002 1260 1051 hominum
1295 1019 1445 1051 unam
1481 1004 1695 1067 speciem
1731 1005 1931 1069 pingere
1954 1025 2006 1054 10

275 1083 602 1148 perdidicerit,
651 1099 796 1147 posse
843 1099 957 1132 eum
1003 1082 1218 1131 cuiusvis
1263 1084 1341 1131 vel
1387 1085 1574 1133 formae
1620 1087 1697 1134 vel
1741 1085 1929 1147 aetatis,

277 1164 427 1214 etiam
462 1164 502 1214 si
537 1180 639 1213 non
675 1163 912 1224 didicerit,
949 1164 1149 1228 pingere
1184 1180 1348 1227 neque
1383 1181 1491 1213 esse
1526 1164 1811 1228 periculum,
1846 1167 1933 1230 qui

277 1248 473 1295 leonem
505 1254 589 1295 aut
624 1254 817 1294 taurum
852 1245 1020 1309 pingat
1052 1244 1254 1309 egregie,
1286 1263 1350 1295 ne
1378 1244 1512 1295 idem
1547 1245 1598 1294 in
1634 1246 1798 1295 multis
1825 1247 1934 1298 aliis

277 1327 680 1392 quadrupedibus
718 1329 877 1376 facere
914 1343 1016 1376 non
1062 1326 1450 1390 possit—neque
1496 1335 1570 1376 est
1606 1327 1812 1384 omnino
1856 1344 1934 1381 ars

277 1411 388 1470 ulla,
420 1408 472 1457 in
508 1425 606 1472 qua
640 1408 820 1469 omnia,
856 1424 983 1472 quae
1018 1407 1100 1456 illa
1134 1416 1236 1458 arte
1272 1407 1398 1458 effici
1432 1407 1635 1472 possint,
1669 1425 1712 1458 a*
1730 1410 1933 1460 doctore
1958 1426 2006 1468 15

277 1492 542 1552 tradantur,
570 1492 658 1540 sed
683 1490 767 1555 qui
800 1490 1067 1555 primarum
1092 1499 1140 1539 et
1169 1499 1410 1540 certarum
1442 1507 1603 1540 rerum
1627 1507 1806 1554 genera
1827 1491 1934 1556 ipsa

277 1572 568 1632 didicerunt,
595 1572 781 1636 reliqua
812 1569 934 1638 [non
965 1569 1304 1638 incommode]
1338 1588 1424 1635 per
1453 1588 1505 1621 56
1535 1573 1934 1635 adsequentur—-

207 1670 256 1713 70
278 1653 498 1703 similiter
533 1654 739 1703 arbitror
773 1653 824 1702 in
859 1656 952 1703 hac
988 1653 1090 1702 sive
1125 1653 1313 1703 ratione
1349 1653 1449 1703 sive
1484 1653 1829 1705 exercitatione
1863 1655 1934 1704 di-

277 1735 437 1796 cendi,
465 1735 550 1799 qui
581 1735 715 1784 illam
746 1735 846 1784 vim
878 1736 1086 1798 adeptus
1124 1734 1197 1796 sit,
1226 1744 1280 1783 ut
1309 1751 1480 1784 eorum
1509 1734 1701 1796 mentis,
1729 1735 1814 1799 qui
1847 1745 1932 1785 aut

275 1819 339 1867 de
363 1835 414 1866 re
438 1816 638 1881 publica
659 1825 744 1865 aut
768 1818 831 1866 de
850 1816 1001 1880 ipsius
1026 1817 1171 1865 rebus
1196 1826 1280 1865 aut
1305 1818 1369 1866 de
1394 1816 1477 1877 eis,
1494 1826 1676 1866 scontra
1699 1833 1824 1881 quos
1847 1827 1932 1868 aut
1955 1835 2006 1864 20

275 1916 364 1962 pro
389 1898 569 1962 quibus
593 1897 738 1958 dicat,
760 1914 874 1947 curn
899 1897 1063 1960 aliqua
1087 1897 1334 1947 statuendi
1359 1906 1601 1960 potestate
1624 1898 1841 1958 audiant,
1867 1900 1932 1948 ad

276 1997 420 2028 suum
444 1978 697 2028 arbitrium
722 1996 919 2028 movere
943 1978 1110 2042 possit,
1138 1978 1276 2027 illum
1301 1979 1365 2027 de
1390 1987 1496 2027 toto
1520 1977 1604 2028 illo
1628 1995 1805 2042 genere
1829 1979 1933 2028 reli-

275 2077 482 2123 quarum
517 2060 793 2110 orationum
827 2077 929 2108 non
965 2062 1074 2123 plus
1110 2060 1447 2123 quaesiturum
1478 2077 1597 2120 esse,
1637 2060 1757 2124 quid
1782 2047 1933 2119 dicat,

278 2158 427 2205 quam
458 2138 751 2205 Polyclitum
780 2141 931 2202 illum,
964 2159 1078 2190 cum
1117 2143 1388 2191 Herculem
1421 2143 1650 2205 fingebat,
1686 2157 1836 2205 quem
1867 2142 1932 2190 ad

278 2225 485 2273 modum
509 2225 688 2287 pellem
712 2231 797 2272 aut
815 2224 1020 2286 hydram
1046 2224 1261 2286 fingeret,
1282 2222 1429 2273 etiam
1449 2222 1490 2271 si
1513 2224 1635 2272 haec
1659 2239 1932 2286 numquam
1957 2235 2005 2276 25

202 2287 254 2338 ¹7
278 2304 539 2368 separatim
564 2306 722 2353 facere
758 2303 1039 2354 didicisset.'
1110 2306 1242 2352 Tum
1276 2305 1481 2354 Catulus
1510 2305 1780 2367 ‘praeclare
1811 2301 1933 2352 mihi

205 2359 253 2405 7¹
276 2385 468 2444 videris,
501 2384 702 2446 Antoni,
734 2384 957 2449 posuisse
976 2387 986 2407 ’
1020 2384 1179 2448 inquit
1215 2389 1355 2434 ‘ante
1388 2386 1572 2445 oculos,
1599 2384 1720 2448 quid
1744 2383 1933 2434 discere

276 2474 521 2529 oporteret
550 2482 678 2526 eum,
706 2466 791 2530 qui
821 2475 983 2516 orator
1015 2475 1143 2516 esset
1178 2468 1380 2525 futurus,
1414 2465 1549 2529 quid,
1580 2465 1729 2515 etiam
1760 2465 1801 2514 si
1829 2481 1932 2514 non

276 2547 540 2606 didicisset,
560 2564 619 2596 ex
642 2564 715 2607 eo,
739 2549 874 2611 quod
894 2547 1160 2607 didicisset,
1180 2548 1461 2597 adsumeret
1479 2564 1494 2608 3
1529 2545 1774 2596 deduxisti
1798 2545 1931 2596 enim

334 2678 386 2716 M
403 2696 440 2711 =
459 2678 597 2717 ΑΕΗ
758 2691 782 2728 5
814 2678 897 2717 ulla
917 2709 926 2718 .
952 2709 961 2718 .
989 2709 997 2718 .
1020 2678 1112 2718 sine
1132 2691 1213 2718 om.
1237 2678 1291 2716 M
1436 2691 1458 2728 7
1489 2683 1691 2727 putentur
1711 2676 1764 2715 M
1904 2677 1931 2715 8

279 2737 378 2771 sunt
400 2731 453 2770 M
564 2745 612 2772 10
641 2732 858 2772 hominum
875 2746 937 2783 sp.
956 2733 1030 2771 M:
1053 2745 1180 2772 unam
1201 2732 1296 2773 add.
1321 2731 1451 2772 Reid:
1475 2732 1658 2771 hominis
1678 2744 1742 2781 sp.
1757 2729 1794 2768 L
1814 2730 1925 2782 vulg.

282 2798 331 2835 13
362 2800 416 2824 ne
445 2787 555 2825 idern
584 2787 725 2838 vulg:
755 2787 950 2825 eneidem
970 2786 1043 2826 A:
1073 2787 1294 2826 aeneidem
1315 2785 1358 2824 E
1547 2787 1597 2824 16
1625 2790 1860 2824 ceterarum
1881 2783 1935 2823 M

281 2853 329 2890 17
360 2841 521 2889 reliqua
541 2853 626 2879 non
649 2841 915 2880 incommode
937 2854 1025 2880 recc.
1042 2855 1050 2880 ε
1088 2841 1248 2890 reliqua
1268 2840 1322 2879 M
1481 2852 1558 2890 per
1577 2852 1624 2878 56
1642 2840 1930 2889 adsequentur

276 2893 457 2933 Piderit:
486 2900 800 2944 persequantur
817 2894 928 2933 HE:
964 2907 1092 2944 perse
1110 2925 1120 2934 .
1135 2924 1144 2935 .
1163 2925 1172 2935 .
1194 2900 1263 2934 tur
1291 2894 1333 2934 A
1360 2893 1528 2933 madore
1552 2897 1792 2945 corruptus:
1823 2891 1931 2931 unde

200 2948 202 2950 ’
277 2948 471 2988 lacunam
492 2947 640 2986 habent
658 2948 902 2987 mutilorum
924 2962 1005 2987 non
1029 2949 1136 2988 nulli
