2150 3444
774 121 869 169 DE
907 119 1246 170 ORATORE
1319 119 1403 169 III

259 259 489 311 videlicet
525 260 616 310 fuit
651 269 700 310 et
735 259 962 311 disertior
995 262 1221 309 Socrates
1245 267 1307 319 et,
1335 267 1389 307 ut
1421 267 1475 308 tu
1499 260 1732 322 appellas,
1761 259 1925 322 copio-

259 342 359 392 sior
381 352 430 392 et
455 342 631 392 meliOr
653 343 974 392 orator—sed
1003 341 1084 390 hic
1114 341 1165 390 in
1200 340 1285 390 1110
1309 339 1421 404 ipso
1445 339 1666 388 Platonis
1702 339 1828 389 libro
1860 342 1926 390 de

258 424 398 474 omni
443 441 509 484 re,
549 441 895 489 quaecumque
936 423 987 472 in
1026 421 1439 486 disceptationem
1480 420 1926 484 quaestionemque

258 514 475 566 vocetur,
519 522 573 555 se
619 504 959 570 copiosissime
1005 504 1254 554 dicturum
1295 518 1405 551 esse
1450 502 1707 564 profitetur
1723 519 1738 562 3
1783 501 1925 564 isque

209 601 234 643 5
258 587 486 652 princeps
511 604 571 637 ex
605 586 840 637 omnibus
875 603 1024 636 ausus
1049 594 1124 635 est
1147 585 1198 633 in
1224 591 1474 632 conventu
1500 599 1704 646 poscere
1729 599 1828 644 qua
1860 584 1925 631 de

258 685 311 718 re
355 668 567 732 quisque
613 670 760 717 vellet
805 666 1006 727 audire3
1055 665 1136 714 cui
1182 674 1351 714 tantus
1395 665 1558 712 honos
1606 663 1802 712 habitus
1851 674 1925 712 est

258 766 288 798 a
313 748 534 808 Graecia,
560 748 652 798 soli
678 757 733 797 ut
756 765 816 797 ex
841 747 1075 796 omnibus
1103 745 1313 810 Delphis
1349 761 1453 793 non
1489 744 1711 793 inaurata
1748 754 1922 804 statua,

258 831 347 879 sed
387 846 537 879 aurea
572 838 877 879 statueretur.
951 829 1052 878 Sed
1092 827 1158 888 hi,
1199 844 1327 891 quos
1368 826 1637 886 nominavi,
1682 826 1925 889 multique

256 920 509 976 praeterea
532 910 815 975 summique
839 909 1040 961 dicendi
1065 910 1296 960 doctores
1321 925 1424 958 uno
1448 917 1673 971 tempore
1697 910 1894 957 fuerunt
1912 926 1926 967 ;

186 1010 238 1042 10
258 1010 319 1043 ex
341 993 524 1058 quibus
547 991 766 1057 intellegi
800 1001 965 1056 potest
1000 991 1068 1041 ita
1103 1008 1156 1041 se
1192 1008 1296 1041 rem
1332 990 1527 1049 habere,
1557 999 1611 1039 ut
1636 999 1701 1049 tu,
1732 990 1923 1049 Crasse,

257 1074 396 1136 dicis,
434 1074 740 1139 oratorisque
774 1090 960 1124 nomen
991 1074 1126 1136 apud
1162 1072 1394 1136 antiquos
1429 1071 1481 1120 in
1508 1071 1716 1121 Graecia
1740 1071 1926 1121 maiore

257 1153 475 1217 quadam
511 1155 589 1203 vel
624 1152 770 1217 copia
803 1154 880 1202 vel
911 1151 1064 1216 gloria
1087 1151 1322 1201 floruisse.
1398 1151 1515 1212 Quo
1540 1150 1745 1213 quidem
1771 1149 1926 1213 magis

257 1234 436 1284 dubito
467 1233 623 1284 tibine
658 1236 768 1298 plus
804 1233 964 1284 laudis
999 1250 1063 1282 an
1090 1233 1291 1283 Graecis
1316 1232 1688 1296 vituperationis
1713 1241 1925 1281 statuam

258 1332 367 1366 esse
390 1315 742 1366 tribuendum:
778 1332 893 1364 cum
922 1324 976 1364 tu
1012 1314 1064 1363 in
1099 1314 1194 1364 alia
1228 1313 1394 1378 lingua
1428 1330 1488 1363 ac
1524 1312 1746 1363 moribus
1780 1321 1926 1361 natus

186 1415 235 1458 15
259 1396 642 1463 occupatissima
687 1396 739 1446 in
786 1396 986 1446 civitate
1032 1398 1109 1446 vel
1156 1395 1456 1460 privatorum
1504 1394 1714 1458 negotiis
1767 1410 1927 1458 paene

259 1478 493 1530 omnibus
540 1480 618 1528 vel
659 1477 792 1528 orbis
841 1487 997 1527 terrae
1043 1477 1390 1542 procuratione
1430 1493 1489 1526 ac
1530 1475 1715 1525 summi
1751 1475 1927 1539 imperi

257 1559 617 1625 gubernatione
651 1559 914 1610 destrictus
946 1568 1135 1611 tantam
1167 1558 1268 1609 vim
1301 1575 1463 1607 rerum
1487 1557 1926 1621 cognitionemque

258 1641 694 1707 comprehenderis
726 1658 937 1705 eamque
973 1657 1175 1690 omnem
1213 1656 1329 1689 cum
1362 1639 1481 1700 eius,
1513 1638 1600 1703 qui
1632 1638 1841 1688 consilio
1877 1647 1927 1687 et

258 1722 482 1774 oratione
538 1722 591 1772 in
636 1722 835 1773 civitate
882 1725 1054 1783 valeat,
1112 1722 1317 1772 scientia
1374 1730 1524 1786 atque
1576 1720 1926 1771 exercitatione

185 1822 238 1854 πο
259 1804 458 1855 sociaris
475 1822 490 1865 3
535 1803 606 1853 illi
640 1803 744 1853 nati
785 1803 837 1852 in
878 1803 1050 1853 litteris
1090 1804 1421 1866 ardentesque
1463 1802 1540 1850 his
1587 1801 1777 1861 studiis,
1822 1801 1926 1851 otio

257 1902 375 1936 vero
432 1885 725 1945 diffluenteS,
784 1901 888 1935 non
947 1886 1102 1935 modo
1159 1884 1283 1933 nihil
1336 1882 1667 1947 acquisierint,
1720 1884 1808 1932 sed
1863 1899 1928 1931 ne

257 1966 483 2017 relictum
507 1965 713 2030 quidem
737 1975 787 2016 et
820 1965 1055 2015 traditum
1088 1973 1137 2014 et
1175 1981 1321 2014 suum
1357 1964 1724 2013 conservarint.'
1794 1965 1927 2012 Tum

257 2049 467 2099 Crassus
505 2052 634 2097 ‘non
667 2047 719 2095 in
752 2048 873 2096 hac'
906 2045 1068 2110 inquit
1101 2050 1240 2106 ‘una‚
1277 2046 1469 2105 Catule,
1507 2062 1572 2106 re,
1610 2046 1698 2094 sed
1735 2044 1786 2092 in
1822 2043 1928 2093 aliis

1948 131 2012 179 32
2035 139 2112 181 129

1952 842 2027 880 130

1952 1166 2024 1208 131

1952 1938 2017 1985 33

1956 2014 2029 2053 132

257 2129 408 2180 etiam
455 2129 794 2193 compluribus
841 2127 1190 2178 distributione
1236 2126 1450 2191 partium
1502 2143 1560 2176 ac
1619 2125 1930 2190 separatione
1997 2178 2000 2179 ⁷

184 2228 234 2270 ²5
259 2210 627 2275 magnitudines
674 2219 790 2259 sunt
836 2209 1014 2259 artium
1056 2208 1355 2258 deminutae.
1447 2211 1529 2257 An
1570 2216 1624 2256 tu
1663 2207 1925 2267 existimas,

257 2309 375 2342 cum
399 2301 528 2342 esset
554 2291 889 2355 Hippocrates
919 2291 1000 2340 ille
1027 2291 1176 2349 CouS‚
1204 2290 1355 2339 fuisse
1390 2298 1497 2338 tum
1533 2289 1655 2338 alios
1688 2289 1926 2349 medicOS,

257 2373 344 2438 qui
380 2372 580 2433 morbis,
608 2372 744 2433 alios,
772 2372 859 2436 qui
883 2371 1181 2431 vulneribus,
1210 2371 1345 2431 alios,
1375 2370 1462 2434 qui
1493 2370 1650 2419 oculis
1675 2372 1930 2420 mederen—

256 2457 372 2505 tur?
463 2456 603 2505 Num
648 2453 970 2518 geometriam
1030 2452 1241 2502 Euclide
1299 2461 1384 2501 aut
1439 2452 1755 2513 Archimede,
1805 2469 1927 2500 num

258 2535 499 2586 musicam
560 2538 793 2586 Damone
860 2543 946 2585 aut
1004 2534 1313 2594 Aristoxeno,
1376 2551 1497 2583 num
1556 2533 1687 2597 ipsas
1744 2533 1927 2582 litteras

187 2635 237 2674 30
259 2617 594 2681 Aristophane
662 2626 748 2667 aut
806 2616 1117 2668 Callimacho
1186 2624 1426 2665 tractante
1496 2624 1598 2664 tam
1657 2614 1927 2680 discerptas

313 2740 367 2781 M
384 2759 419 2774 =
439 2739 577 2780 ΑΕΗ
703 2753 729 2780 2
759 2740 855 2791 ipso
875 2753 958 2778 om.
983 2737 1036 2777 M
1165 2752 1190 2787 4
1219 2743 1396 2778 vocetur
1415 2737 1502 2777 Em
1522 2753 1531 2777 ε
1563 2743 1789 2777 revocetur
1806 2737 1927 2778 AH:

258 2801 485 2836 vocaretur
503 2795 616 2848 vulg.
822 2796 849 2834 8
879 2793 967 2834 Sed
986 2793 1037 2832 M
1054 2809 1063 2834 ε
1092 2792 1238 2843 Atque
1257 2791 1294 2830 L
1442 2807 1470 2844 9
1499 2793 1651 2832 summi
1671 2792 1707 2830 L
1856 2807 1928 2834 au-

261 2856 401 2891 ctores
420 2847 525 2890 HE¹
695 2862 746 2889 ro
772 2848 831 2888 ita
849 2848 959 2900 vulg.
985 2862 995 2888 ε
1023 2862 1048 2888 a
1069 2847 1164 2886 Mm
1325 2859 1373 2896 13
1402 2848 1498 2898 plus
1518 2861 1600 2888 om.
1625 2845 1720 2886 Mm
1880 2851 1930 2887 16

262 2905 411 2957 imperi
434 2905 522 2957 (sic)
536 2904 578 2944 A
696 2916 742 2953 17
773 2904 988 2943 districtus
1008 2902 1084 2943 EL
1197 2914 1338 2942 rerum
1360 2915 1443 2942 om.
1469 2900 1523 2939 M
1629 2914 1682 2951 23
1712 2903 1755 2941 in
1775 2915 1858 2942 om.
1880 2901 1935 2941 M

263 2973 310 2999 re
325 2973 411 3000 om.
430 2957 484 2997 M
563 2972 616 3008 24
637 2971 764 3009 quam
786 2957 976 3009 pluribus
993 2956 1046 2996 M
1152 2969 1207 3007 30
1227 2957 1463 3007 discerptas
1484 2955 1519 2994 L
1536 2958 1647 3008 vulg.
1673 2971 1682 2996 :
1712 2957 1927 3008 discerpta

263 3013 371 3054 ΗΑι
393 3029 403 3054 :
432 3015 690 3065 discerptam
711 3013 821 3052 ΛΞΜ
