2150 3444
706 181 711 191 .
781 136 876 187 DE
913 138 1253 188 ORATORE
1326 140 1349 187 Ι

226 277 278 329 in
318 275 726 328 testamentorum
768 277 1004 339 formulis,
1046 279 1142 328 hoc
1183 287 1271 338 est,
1316 277 1367 327 in
1409 278 1576 327 medio
1619 278 1721 328 iure
1762 280 1890 328 civili

224 359 443 411 versari?
525 359 718 410 Omitto
764 359 862 408 iam
909 361 1050 423 plura
1090 360 1316 422 exempla
1356 375 1613 408 causarum
1654 360 1893 423 amplissi-

222 458 428 502 marum,
446 457 574 506 quae
599 450 714 491 sunt
738 440 1144 490 innumerabilia:
1182 439 1354 504 capitis
1379 439 1533 489 nostri
1557 457 1704 503 saepe
1728 451 1890 504 potest

221 522 448 574 accidere
478 532 533 573 ut
562 539 739 573 causae
768 532 1021 572 versentur
1049 522 1100 571 in
1130 521 1246 572 iure.
1323 520 1522 570 Etenim
1548 521 1588 570 si
1613 523 1669 571 C.
1701 522 1891 571 Manci-

176 623 198 664 5
222 621 357 665 num,
375 603 739 654 nobilissimum
763 613 912 668 atque
937 603 1183 668 optimum
1207 602 1364 652 virum
1389 612 1539 666 atque
1563 604 1887 663 consularem,

222 703 337 743 cum
357 703 471 736 eum
491 694 691 750 propter
708 685 944 735 invidiam
966 683 1260 734 Numantini
1279 683 1491 734 foederis
1510 692 1648 747 pater
1671 692 1890 747 patratus

222 784 281 817 ex
309 784 344 817 s.
372 784 414 816 c.
444 765 764 816 Numantinis
798 766 1072 816 dedidisset
1101 781 1319 830 eumque
1351 764 1421 813 illi
1450 781 1552 814 non
1591 764 1890 828 recepissent

221 857 492 914 posteaque
523 847 791 897 Mancinus
826 849 1035 898 domum
1071 846 1340 897 revenisset
1375 862 1539 910 neque
1575 845 1625 894 in
1663 855 1889 895 senatum

220 928 420 979 introire
457 928 745 990 dubitasset,
787 931 839 978 P.
880 928 1112 989 Rutilius,
1156 930 1226 977 Μ.
1266 927 1408 988 filius,
1450 927 1675 976 tribunus
1713 927 1886 990 plebis,

150 1028 200 1059 10
220 1009 360 1061 iussit
383 1010 544 1071 educi,
563 1011 700 1075 quod
724 1026 839 1059 eum
865 1010 1023 1059 civem
1048 1018 1248 1073 negaret
1273 1025 1394 1069 esse,
1416 1007 1532 1072 quia
1557 1007 1794 1057 memoria
1818 1007 1889 1057 sic

220 1101 349 1142 esset
372 1091 638 1157 proditum,
657 1108 806 1156 quem
832 1100 969 1155 pater
994 1108 1111 1141 suus
1135 1100 1220 1141 aut
1244 1091 1458 1154 populus
1476 1088 1780 1139 vendidisset
1803 1098 1889 1139 aut

219 1182 358 1238 pater
379 1182 598 1238 patratus
622 1172 908 1233 dedidisset,
927 1172 972 1222 ei
997 1174 1188 1222 nullum
1214 1188 1321 1221 esse
1345 1169 1718 1235 postliminium,
1737 1186 1887 1234 quam

219 1271 484 1320 possumus
512 1253 723 1318 reperire
751 1271 811 1304 ex
838 1253 1073 1304 omnibus
1106 1253 1252 1303 rebus
1283 1251 1508 1302 civilibus
1543 1268 1743 1301 causam
1773 1268 1888 1301 con-

219 1335 594 1401 tentionemque
619 1335 855 1386 maiorem
875 1352 1025 1399 quam
1051 1336 1115 1385 de
1140 1334 1328 1395 ordine,
1350 1335 1414 1384 de
1433 1332 1642 1393 civitate,
1665 1334 1728 1383 de
1747 1332 1887 1383 liber-

149 1435 197 1478 ¹5
220 1425 334 1478 tate,
361 1418 425 1467 de
449 1416 609 1481 capite
633 1415 849 1467 hominis
874 1415 1158 1476 consulariS‚
1185 1413 1470 1479 praesertim
1495 1431 1609 1464 cum
1635 1415 1759 1463 haec
1783 1430 1886 1464 non

220 1498 272 1548 in
301 1497 505 1548 crimine
532 1497 713 1562 aliqu0,
741 1499 879 1561 quod
903 1497 985 1547 ille
1009 1506 1176 1561 posset
1200 1495 1410 1556 infitiari,
1439 1497 1527 1546 sed
1552 1495 1603 1544 in
1628 1494 1758 1545 civili
1782 1494 1886 1545 iure

220 1579 546 1630 consisteret?
615 1577 872 1643 Similique
907 1577 958 1627 in
994 1594 1186 1642 genere,
1219 1576 1447 1627 inferiore
1483 1575 1670 1637 ordine,
1698 1575 1739 1625 si
1775 1575 1885 1640 quis

219 1661 356 1724 apud
393 1676 485 1710 nos
524 1658 749 1709 servisset
786 1675 846 1708 ex
883 1660 1071 1723 populo
1109 1659 1363 1708 foederato
1393 1674 1600 1722 seseque
1632 1656 1885 1706 liberasset

218 1749 268 1790 et
303 1749 476 1805 postea
510 1741 719 1791 domum
760 1739 1040 1800 revenisset,
1079 1739 1359 1804 quaesitum
1395 1747 1469 1788 est
1504 1739 1638 1803 apud
1674 1737 1884 1788 maiores

146 1842 196 1871 20
217 1831 426 1883 nostrOS‚
471 1838 592 1872 num
634 1821 675 1871 is
715 1822 781 1871 ad
819 1838 935 1871 suos
973 1820 1279 1885 postliminio
1316 1820 1523 1871 redisset
1561 1829 1609 1869 et
1640 1818 1885 1869 amisisset

215 1904 346 1952 hanc
375 1902 635 1952 civitatem.
711 1900 887 1964 Quid?
921 1903 986 1951 de
1018 1901 1256 1961 libertate,
1289 1918 1389 1965 quo
1419 1900 1658 1950 iudicium
1690 1899 1883 1963 gravius

215 1999 324 2033 esse
360 1984 553 2033 nullum
594 1991 771 2047 potest,
806 1998 975 2032 nonne
1012 1998 1072 2031 ex
1109 1981 1214 2032 iure
1252 1981 1380 2031 civili
1419 1990 1582 2045 potest
1621 1997 1729 2030 esse
1770 1997 1885 2031 con-

214 2064 385 2125 tentio,
419 2081 535 2115 cum
573 2063 835 2128 quaeritur,
868 2063 922 2124 is,
959 2062 1044 2127 qui
1080 2062 1272 2113 domini
1306 2063 1560 2112 voluntate
1590 2078 1768 2112 census
1805 2061 1880 2123 sit,

192 2145 533 2205 continuone,
559 2161 639 2205 an,
665 2144 753 2194 ubi
776 2146 985 2194 lustrum
1010 2143 1072 2193 sit
1096 2142 1370 2204 conditum,
1388 2142 1520 2192 xliber
1544 2142 1645 2192 sit?
1704 2141 1883 2205 Quid?

142 2248 192 2291 ²5
213 2227 352 2291 quod
386 2242 481 2276 usu
516 2225 756 2276 memoria
793 2234 987 2289 patrum
1023 2224 1171 2285 venit,
1210 2233 1265 2274 ut
1300 2222 1661 2288 paterfamiliaS‚
1701 2222 1787 2286 qui
1822 2239 1882 2272 ex

215 2306 462 2372 Hispania
503 2308 720 2357 Romam
760 2306 989 2367 venisset,
1033 2322 1148 2356 cum
1190 2322 1394 2356 uxorem
1435 2312 1786 2369 praegnantem
1828 2303 1879 2352 in

212 2387 465 2453 provincia
487 2387 775 2452 reliquisset,
795 2390 989 2438 Romae
1006 2389 1210 2437 alteram
1229 2386 1448 2438 duxisset
1467 2402 1630 2450 neque
1648 2384 1879 2434 nuntium

211 2468 361 2534 priori
395 2468 676 2530 remisisset,
703 2478 1028 2533 mortuusque
1063 2478 1192 2519 esset
1228 2468 1461 2518 intestato
1498 2475 1547 2517 et
1582 2483 1642 2516 ex
1672 2475 1880 2530 utraque

212 2550 342 2600 filius
370 2558 515 2600 natus
544 2558 686 2610 esset,
714 2549 1043 2600 mediocrisne
1071 2566 1148 2599 res
1178 2548 1229 2598 in
1259 2547 1633 2599 contentionem
1661 2547 1879 2597 adducta

140 2651 194 2694 30
213 2640 301 2693 est,
341 2647 457 2682 cum
504 2639 818 2695 quaereretur
863 2632 927 2681 de
968 2630 1167 2681 duobus
1214 2629 1396 2680 civium
1439 2628 1683 2693 capitibus
1724 2637 1773 2677 et
1814 2629 1879 2678 de

211 2726 382 2777 puer0‚
408 2711 495 2776 qui
523 2728 583 2762 ex
611 2711 881 2776 posteriore
910 2719 1054 2762 natus
1084 2720 1200 2772 erat,
1232 2720 1281 2761 et
1310 2712 1375 2762 de
1404 2710 1508 2760 eius
1537 2718 1706 2770 matre,
1733 2725 1875 2773 quae,

211 2792 254 2843 si
290 2792 588 2844 iudicaretur
628 2792 772 2843 certis
813 2792 1114 2858 quibusdam
1152 2792 1328 2853 verbis,
1368 2808 1471 2841 non
1513 2790 1654 2841 novis
1693 2790 1878 2854 nuptiis

264 2921 421 2971 M=H
529 2935 582 2973 24
610 2921 717 2963 liber
733 2922 789 2963 sit
807 2936 852 2963 m
870 2937 881 2964 ε
910 2922 1019 2963 liber
1033 2921 1107 2963 H:
1139 2922 1251 2962 sitne
1270 2920 1379 2962 liber
1394 2919 1431 2959 L
1543 2932 1594 2970 27
1626 2921 1877 2971 Romaeque

211 2990 301 3018 recc.
467 2989 520 3027 29
549 2977 877 3018 controversiam
898 2975 935 3015 L

1915 155 1984 204 39
2003 151 2081 192 180

1924 335 1995 383 40
2048 340 2049 343 ¹

1918 399 1991 438 181

1916 1175 1991 1215 182

1911 1911 1987 1963 183
