2150 3444
112 133 179 192 48
200 152 276 194 199

199 727 272 776 49

196 802 274 831 200

197 1898 272 1930 201

760 135 829 183 M.
869 135 1079 182 TVLLI
1118 136 1500 185 CICERONIS

299 285 603 331 concessum,
626 273 811 321 nullam
831 271 913 323 illa
936 289 1084 321 causa
1101 272 1351 322 iustiorem
1367 273 1529 323 fuisse.
1601 276 1733 324 Tum
1752 291 1959 342 omnem,

297 350 570 401 orationem
609 353 798 402 traduxi
844 363 892 402 et
938 353 1156 402 converti
1193 353 1245 402 in
1291 353 1642 418 increpandam
1688 355 1954 420 Caepionis

298 433 477 496 fugam,
512 433 564 482 in
598 436 958 498 deplorandum
993 433 1244 483 interitum
1280 434 1548 485 exercitus:
1598 434 1668 484 sic
1701 444 1753 485 et
1783 453 1958 499 eorum

298 515 536 575 dolorem,
564 514 649 578 qui
682 517 915 579 lugebant
948 532 1076 575 suos,
1105 515 1326 564 oratione
1362 515 1649 564 refricabam
1681 525 1731 565 et
1761 516 1957 568 animos

297 594 519 659 equitum
540 598 894 656 Romanorum,
915 598 1049 660 apud
1069 613 1193 660 quos
1218 606 1323 646 tum
1339 595 1528 646 iudices
1545 613 1692 645 causa
1705 597 1952 660 agebatur,
1979 613 2003 655 ⁵

295 677 362 724 ad
404 677 463 737 Q.
507 676 773 741 Caepionis
811 677 996 738 odium,
1040 694 1070 725 a
1107 694 1208 740 quo
1243 686 1379 726 erant
1414 676 1508 741 ipsi
1542 686 1740 741 propter
1774 676 1956 727 iudicia

297 755 572 816 abalienati,
591 758 901 807 renovabam.
977 759 1129 820 Quod
1153 757 1239 807 ubi
1256 757 1385 807 sensi
1410 774 1490 806 me
1514 756 1566 806 in
1590 757 1957 822 possessionem

297 835 450 886 iudici
473 854 531 886 ac
556 838 856 887 defensionis
892 855 1032 888 meae
1061 838 1352 898 constitisse,
1380 840 1516 902 quod
1541 848 1590 888 et
1612 832 1785 904 populi
1807 839 1955 888 bene-

297 917 563 966 volentiam
589 918 711 967 mihi
735 918 1063 979 conciliatam,
1092 919 1232 968 cuius
1264 919 1340 968 ius
1369 919 1519 968 etiam
1547 936 1661 968 cum
1698 918 1954 969 seditionis

297 997 648 1047 coniunctione
697 999 1028 1058 defenderam,
1082 1008 1131 1048 et
1183 998 1404 1048 iudicum
1455 999 1649 1048 animos
1697 1007 1828 1049 totos
1875 1001 1954 1049 vel
1979 1015 2031 1051 ιο

297 1078 573 1128 calamitate
598 1077 805 1127 civitatis
833 1080 911 1127 vel
934 1080 1070 1127 luctu
1104 1095 1163 1128 ac
1187 1079 1433 1128 desiderio
1463 1079 1857 1144 propinquorum
1876 1082 1955 1131 vel

297 1157 416 1208 odio
438 1157 635 1222 proprio
659 1157 711 1206 in
736 1157 1042 1222 Caepionem
1055 1159 1121 1207 ad
1144 1175 1344 1208 causam
1366 1167 1585 1208 nostram
1603 1168 1958 1222 converteram,

297 1246 404 1287 tum
426 1237 699 1288 admiscere
723 1237 839 1287 huic
861 1237 1029 1302 generi
1058 1238 1291 1288 orationis
1320 1237 1603 1288 vehementi
1629 1247 1779 1303 atque
1802 1238 1956 1291 atroci

295 1336 452 1383 genus
491 1319 613 1369 illud
660 1322 879 1381 alterum,
930 1322 995 1370 de
1041 1336 1142 1384 quo
1188 1329 1303 1369 ante
1340 1319 1597 1384 disputavi,
1647 1319 1860 1370 lenitatis
1907 1329 1957 1370 et

298 1400 689 1450 mansuetudinis
736 1400 909 1465 coepi:
966 1417 1048 1450 me
1093 1417 1184 1466 pro
1231 1417 1345 1451 meo
1391 1400 1561 1461 sodali,
1605 1400 1691 1464 qui
1736 1400 1858 1450 mihi
1903 1401 1956 1454 in
1981 1416 2030 1463 15

297 1481 508 1531 liberum
531 1483 644 1532 loco
668 1499 806 1532 more
837 1481 1079 1531 maiorum
1109 1499 1216 1532 esse
1241 1482 1456 1542 deberet,
1484 1490 1533 1531 et
1563 1498 1653 1546 pro
1685 1498 1799 1534 mea.
1819 1481 1957 1531 omni

297 1564 428 1611 fama
467 1579 621 1627 prope
661 1563 968 1627 fortunisque
1004 1565 1302 1624 decernere;
1353 1562 1476 1612 nihil
1522 1561 1645 1611 mihi
1689 1564 1755 1612 ad
1801 1562 1958 1613 existi-

298 1642 568 1693 mationem
593 1643 796 1708 turpiuS,
822 1644 945 1693 nihil
963 1645 1028 1694 ad
1053 1646 1276 1694 dolorem
1301 1643 1524 1694 acerbius
1547 1642 1773 1693 accidere
1794 1632 1957 1708 posse,

297 1740 448 1787 quam
486 1723 526 1773 si
566 1723 620 1783 is,
665 1724 751 1788 qui
791 1741 938 1789 saepe
972 1724 1281 1774 alienissimis
1315 1741 1346 1773 a
1380 1741 1472 1789 me,
1513 1725 1600 1774 sed
1636 1723 1758 1773 meis
1791 1733 1956 1778 tamen

297 1803 487 1853 civibus
519 1804 663 1853 saluti
698 1804 996 1855 existimarer
1030 1805 1192 1865 fuisse,
1229 1804 1385 1854 sodali
1422 1821 1534 1854 meo
1566 1804 1799 1854 auxilium
1834 1806 1956 1858 ferre
1982 1820 2033 1849 20

297 1901 400 1945 non
423 1884 707 1948 potuissem.
782 1886 1019 1935 Petebam
1052 1903 1081 1934 a
1112 1885 1358 1935 iudicibus
1383 1894 1437 1934 ut
1468 1884 1590 1934 illud
1621 1884 1771 1935 aetati
1800 1902 1954 1946 meae,

297 1972 352 2013 ut
376 1965 659 2024 honoribus,
687 1974 742 2014 ut
765 1966 911 2014 rebus
942 1965 1102 2029 gestis,
1131 1965 1171 2014 si
1202 1965 1343 2025 iusto,
1373 1964 1413 2013 si
1435 1965 1520 2029 pio
1551 1966 1724 2014 dolore
1746 1982 1826 2015 me
1850 1983 1958 2018 esse

297 2046 549 2094 adfectum
572 2045 808 2105 viderent,
837 2048 1169 2096 concederent
1187 2064 1201 2106 3
1237 2045 1521 2110 praesertim
1537 2044 1578 2094 si
1593 2044 1644 2094 in
1667 2044 1774 2094 aliis
1798 2046 1957 2098 causis

296 2124 651 2176 intellexissent
695 2126 864 2176 omnia
910 2144 990 2176 me
1038 2143 1229 2190 semper
1265 2143 1355 2190 pro
1402 2125 1675 2175 amicorum
1712 2125 1954 2189 periculis,

297 2206 421 2255 nihil
449 2224 686 2271 umquam
715 2225 805 2271 pro
838 2224 917 2256 me
949 2207 1058 2271 ipso
1087 2209 1417 2270 deprecatum.
1505 2205 1585 2254 Sic
1620 2205 1673 2255 in
1703 2205 1786 2255 illa
1819 2205 1957 2256 omni
1983 2224 2031 2265 25

297 2287 587 2337 defensione
610 2297 759 2351 atque
784 2304 944 2346 causa,
965 2289 1101 2351 quod
1117 2304 1224 2337 esse
1247 2287 1300 2335 in
1322 2295 1425 2336 arte
1443 2286 1665 2350 positum
1685 2285 1954 2348 videbatur,

296 2376 352 2417 ut
382 2369 447 2418 de
481 2369 588 2432 lege
623 2367 871 2432 Appuleia
906 2367 1135 2427 dicerem,
1170 2376 1226 2419 ut
1257 2366 1378 2431 quid
1407 2375 1536 2417 esset
1562 2365 1785 2418 minuere
1813 2366 1960 2417 maie-

298 2456 475 2497 statem
501 2447 809 2512 explicarem,
837 2465 1078 2513 perquam
1105 2447 1318 2497 breviter
1340 2446 1599 2511 perstrinxi
1621 2455 1770 2510 atque
1793 2446 1959 2513 attigi3

297 2529 374 2578 his
414 2529 609 2579 duabus
648 2528 869 2592 partibus
916 2527 1162 2588 orationis,
1214 2544 1422 2593 quarum
1457 2529 1609 2578 altera
1644 2528 1959 2579 commenda-

298 2608 485 2659 tionem
509 2609 673 2668 habet,
701 2611 852 2658 altera
882 2608 1279 2667 concitationem,
1307 2624 1435 2672 quae
1458 2607 1662 2658 minime
1685 2607 1956 2674 praeceptis
1978 2627 2033 2670 30

296 2689 476 2738 artium
500 2697 615 2738 sunt
637 2688 922 2754 perpolitae,
941 2688 1103 2740 omnis
1128 2697 1202 2738 est
1224 2705 1255 2739 a
1278 2705 1359 2737 me
1382 2687 1466 2737 illa
1488 2704 1637 2738 causa
1660 2696 1876 2750 tractata,
1902 2678 1958 2743 ut

353 2809 406 2848 M
420 2829 454 2843 =
471 2809 610 2850 ΑΕΗ
774 2823 792 2848 1
838 2822 1006 2850 causam
1035 2804 1072 2847 L
1102 2811 1211 2861 vagg.
1378 2822 1400 2863 7
1431 2822 1520 2850 ren.
1550 2815 1677 2859 atque
1707 2808 1956 2850 revocabam

302 2864 383 2903 ΟΡ
523 2879 551 2915 9
579 2865 644 2903 ius
664 2876 746 2904 om.
767 2862 822 2903 M
984 2877 1032 2903 10
1057 2864 1297 2912 coniunctio
1311 2862 1365 2901 M
1456 2863 1538 2902 def.
1557 2869 1600 2902 et
1614 2863 1795 2903 iudicum
1811 2876 1896 2902 om.
1910 2861 1964 2901 M

299 2917 363 2968 (ix
376 2918 448 2957 litt.
461 2922 523 2966 sp.
536 2931 618 2956 vac.
634 2917 699 2968 H)
817 2919 867 2955 16
894 2918 1053 2956 maiore
1069 2918 1273 2956 maiorum
1286 2916 1327 2954 A
1441 2929 1494 2956 22
1512 2918 1549 2956 si
1566 2918 1638 2967 pio
1650 2929 1732 2956 om.
1747 2915 1802 2955 M
1905 2927 1958 2965 23

299 2972 582 3010 concederent
597 2985 681 3010 om.
694 2970 746 3009 M
825 2984 878 3020 29
896 2972 1098 3010 orationis
1111 2970 1164 3008 M
1174 2971 1251 3019 (xii
1263 2971 1332 3010 litt.
1353 2974 1455 3021 spat.
1481 2983 1563 3009 vac.
1581 2970 1670 3022 H):
1701 2969 1959 3011 orationibus

300 3023 429 3066 E2m:
460 3024 647 3074 partibus
667 3024 870 3064 orationis
887 3024 923 3062 L
940 3024 1049 3075 vulg.
1171 3035 1220 3072 31
1254 3036 1278 3062 a
1298 3035 1364 3062 me
1384 3021 1421 3061 L
1441 3035 1450 3061 ε
1479 3029 1620 3064 tamen
1639 3021 1694 3062 M
