2150 3444
88 132 153 194 85
169 139 248 195 34⁷·
730 133 801 181 M.
840 133 1051 180 TVLLI
1098 130 1474 182 CICERONIS

272 268 554 318 felicitatem
579 269 736 333 ipsam
761 270 969 318 deorum
1002 267 1354 317 immortalium
1379 266 1563 318 iudicio
1587 267 1734 318 tribui
1761 269 1928 319 lauda-

272 349 420 399 tionis
462 359 549 399 est.
623 351 905 399 Sumendae
950 358 1118 399 autem
1155 366 1231 398 res
1270 358 1413 398 erunt
1458 358 1543 398 aut
1589 349 1929 414 magnitudine

273 430 589 494 praestabiles
613 440 698 480 aut
723 431 939 481 novitate
963 430 1150 494 primae
1173 439 1259 479 aut
1290 446 1468 493 genere
1499 430 1608 493 ipso
1632 430 1930 494 singulares;

274 528 436 574 neque
468 511 601 560 enim
630 529 807 575 parvae
843 528 1006 574 neque
1038 511 1245 560 usitatae
1277 527 1440 574 neque
1471 511 1692 573 vulgares
1723 510 1931 560 admira-

173 597 250 649 348
275 591 409 641 tione
443 601 528 640 aut
567 592 772 642 omnino
814 594 960 642 laude
1001 592 1179 655 dignae
1218 591 1373 641 videri
1411 592 1582 641 solent.
1656 593 1746 640 Est
1783 590 1930 640 etiam
1953 605 1982 658 5-

274 689 389 721 cum
431 673 603 722 ceteris
651 672 1013 737 praestantibus
1051 672 1164 722 viris
1211 672 1515 736 comparatio
1556 671 1607 720 in
1648 670 1933 722 laudatione

273 754 531 816 praeclara.
606 755 685 802 De
726 770 827 817 quo
868 770 1047 817 genere
1087 752 1283 802 libitum
1322 752 1444 801 mihi
1485 761 1559 802 est
1600 753 1748 816 paulo
1794 753 1934 816 plura

273 849 424 895 quam
449 834 761 883 ostenderam
787 833 963 893 dicere,
998 850 1101 883 non
1133 842 1234 882 tam
1266 842 1463 897 propter
1494 849 1639 883 usum
1671 835 1929 892 forensem,

273 912 359 976 qui
397 921 469 961 est
507 930 536 962 a
573 930 654 962 me
691 913 830 962 omni
867 915 965 962 hoc
1006 930 1233 962 sermone
1274 922 1520 973 tractatus,
1559 929 1708 977 quam
1745 913 1933 962 ut·hoc

272 993 515 1054 videretis,
567 994 607 1043 si
654 993 964 1044 laudationes
1012 1003 1176 1043 essent
1217 993 1269 1042 in
1316 994 1519 1043 oratoris
1568 993 1745 1054 officio,
1794 994 1933 1058 quod
1956 1007 2007 1038 10

272 1091 422 1124 nemo
469 1083 628 1138 negat,
674 1074 854 1124 oratori
891 1074 1126 1123 virtutum
1173 1074 1398 1124 omnium
1437 1074 1786 1138 cognitionem,
1826 1073 1933 1124 sine

169 1175 248 1218 349
274 1173 374 1220 qua
398 1155 619 1205 laudatio
643 1155 771 1205 effici
800 1173 902 1205 non
932 1155 1100 1219 possit,
1128 1172 1235 1204 esse
1267 1155 1606 1205 necessariam.
1680 1157 1789 1204 Iam
1811 1154 1934 1204 vitu-

272 1236 478 1300 perandi
501 1245 764 1301 praecepta
799 1236 1053 1286 contrariis
1087 1253 1146 1285 ex
1180 1235 1308 1285 vitiis
1341 1237 1584 1286 sumenda
1615 1252 1724 1286 esse
1753 1235 1934 1300 perspi-

272 1334 423 1366 cuum
459 1325 533 1366 est
552 1335 566 1378 3
609 1316 755 1366 simul
791 1325 865 1366 est
900 1317 1023 1366 illud
1057 1325 1173 1365 ante
1208 1318 1392 1376 OCUIOS,
1422 1333 1515 1366 nec
1551 1317 1740 1366 bonum
1775 1315 1934 1365 virum

272 1397 469 1462 proprie
510 1406 560 1447 et
603 1397 806 1462 copiose
853 1397 1042 1447 laudari
1088 1397 1195 1447 sine
1234 1397 1469 1447 virtutum
1510 1414 1603 1447 nec
1650 1396 1934 1461 improbum
1958 1409 2007 1451 15

273 1478 433 1528 notari
478 1494 537 1527 ac
583 1478 847 1542 vituperari
893 1477 999 1528 sine
1045 1477 1275 1528 vitiorum
1322 1477 1606 1542 cognitione
1652 1476 1769 1526 satis
1822 1475 1937 1526 insi-

271 1559 405 1623 gnite
440 1568 590 1623 atque
625 1576 797 1623 aspere
828 1576 987 1624 posse.
1060 1562 1229 1623 Atque
1263 1558 1339 1608 his
1374 1558 1495 1608 locis
1531 1566 1581 1607 et
1613 1556 1851 1608 laudandi
1884 1565 1936 1607 et

272 1640 582 1704 vituperandi
640 1658 788 1706 saepe
845 1640 991 1691 nobis
1038 1649 1113 1690 est
1169 1641 1413 1691 utendum
1470 1638 1522 1688 in
1569 1638 1706 1689 omni
1755 1654 1934 1708 genere

273 1738 544 1771 causarum.

170 1808 252 1863 350
343 1803 556 1852 Habetis
593 1804 658 1853 de
692 1803 1002 1854 inveniendis
1035 1804 1180 1853 rebus
1217 1801 1639 1867 disponendisque
1673 1800 1795 1865 quid
1827 1817 1933 1851 sen·
1955 1815 2007 1846 20

274 1883 394 1933 tiam
411 1902 425 1944 3
473 1883 739 1947 adiungam
786 1883 934 1933 etiam
981 1885 1045 1933 de
1091 1883 1341 1943 memoria,
1391 1891 1445 1932 ut
1490 1882 1658 1931 labore
1699 1883 1933 1932 Crassum

275 1966 435 2013 levem
459 1980 621 2027 neque
645 1964 690 2013 ei
715 1963 982 2027 quicquam
1005 1963 1153 2023 aliud,
1179 1965 1243 2013 de
1275 1980 1376 2027 quo
1410 1962 1628 2022 disserat,
1658 1961 1931 2026 relinquam

184 2050 254 2100 86
277 2044 371 2094 nisi
416 2061 488 2104 ea,
544 2044 724 2107 quibus
773 2046 897 2093 haec
948 2045 1271 2094 exornentur!
1345 2047 1356 2069 ‘
1375 2045 1527 2106 Perge
1575 2043 1721 2102 vero,’
1772 2041 1933 2106 inquit

277 2127 482 2176 Crassus
510 2129 521 2151 ‘
541 2125 750 2175 libenter
773 2125 906 2174 enim
922 2134 970 2174 te
994 2125 1246 2188 cognitum
1270 2124 1369 2174 iam
1387 2124 1624 2174 artificem
1647 2123 1932 2188 aliquando-

274 2223 372 2270 que
400 2207 653 2256 evolutum
689 2206 782 2256 illis
813 2205 1160 2269 integumentis
1193 2204 1596 2255 dissimulationis
1631 2214 1745 2255 tuae
1779 2207 2002 2261 nuda-⁴²5

273 2298 478 2354 tumque
493 2289 737 2354 perspicio
754 2308 768 2351 3
803 2299 852 2339 et
867 2291 1003 2354 quod
1020 2289 1141 2338 mihi
1159 2289 1281 2337 nihil
1299 2298 1383 2338 aut
1401 2286 1578 2356 [quod]
1599 2305 1700 2338 non
1719 2290 1930 2338 multum

170 2390 246 2431 351
271 2370 517 2435 relinquis,
559 2372 915 2435 percommode
954 2370 1072 2420 facis
1119 2378 1293 2433 estque
1331 2369 1452 2418 mihi
1497 2371 1720 2434 gratum.'
1748 2374 1758 2378 ’
1792 2371 1930 2419 ‘Iam

271 2451 411 2511 istuc,
449 2460 691 2515 quantum
728 2451 818 2501 tibi
854 2468 946 2515 ego
983 2450 1292 2515 reliquerim,'
1328 2450 1488 2514 inquit
1524 2449 1773 2500 Antonius
1810 2453 1823 2477 ‘
1841 2449 1932 2500 erit

271 2532 322 2581 in
363 2541 448 2581 tua
485 2541 761 2597 potestate;
810 2532 851 2581 si
886 2532 1020 2582 enim
1054 2549 1166 2582 vere
1200 2548 1343 2595 agere
1377 2530 1601 2590 volueris,
1639 2529 1808 2580 omnia
1840 2528 1931 2580 tibi

271 2612 525 2677 relinquo;
584 2614 660 2664 sin
699 2613 1020 2674 dissimulare,
1061 2622 1114 2663 tu
1155 2629 1305 2676 quem
1350 2614 1416 2662 ad
1456 2613 1663 2662 modum
1700 2612 1776 2661 his
1813 2610 1929 2662 satis
1949 2623 2005 2664 30

270 2694 433 2755 faciaS,
473 2695 664 2745 videris.
738 2696 851 2754 Sed,
895 2703 950 2744 ut
989 2696 1054 2744 ad
1095 2711 1199 2743 rem
1246 2695 1457 2754 redeam,
1499 2710 1601 2743 non
1641 2709 1751 2742 sum
1791 2699 1931 2742 tanto

271 2778 388 2838 ego’
413 2775 573 2838 inquit
602 2779 613 2801 ‘
628 2775 839 2838 ingenio,
863 2783 1049 2838 quanto
1074 2773 1435 2823 Themistocles
1459 2773 1564 2834 fuit,
1591 2781 1645 2822 ut
1668 2771 1929 2823 oblivionis

326 2900 380 2940 M
396 2922 430 2935 =
451 2901 589 2941 ΑΕΗ
774 2904 803 2941 6
830 2902 993 2942 viribus
1013 2901 1067 2940 M
1217 2901 1503 2952 comprobatio
1523 2899 1577 2939 M
1708 2912 1757 2940 12
1785 2903 1928 2952 posset

272 2954 406 3005 Sorof
556 2957 608 2995 26
636 2957 748 3006 quod
769 2969 850 2997 om.
876 2955 930 2994 M
1087 2968 1137 3005 31
1170 2961 1216 2994 ut
1236 2969 1319 2995 om.
1343 2954 1398 2994 M
