2150 3444
113 157 178 207 47
199 153 273 194 182
757 147 827 194 M.
867 146 1078 194 TVLLI
1117 144 1500 196 CICERONIS

300 282 402 331 duo
426 283 679 332 dumtaxat
703 284 855 346 pedes
879 291 964 332 aut
982 284 1132 345 paulo
1159 283 1283 346 pluS,
1311 298 1374 331 ne
1398 283 1544 346 plane
1576 280 1628 331 in
1651 297 1845 332 versum
1867 288 1955 331 aut

301 360 676 413 similitudinem
705 379 871 413 versus
896 362 1186 413 incidamus
1243 367 1255 390 ‘
1270 364 1415 412 Altae
1443 364 1565 412 ‘sunt
1587 362 1827 427 geminae,
1852 361 1957 426 qui-

305 442 426 492 bus!
497 444 570 493 Hi
607 453 702 494 tres
743 442 919 511 [heroi]
957 445 1109 508 pedes
1142 443 1193 493 in
1229 443 1470 508 principia
1507 443 1956 495 continuandorum

201 532 278 584 183
303 525 564 574 verborum
601 526 716 575 satis
741 527 919 576 decore
944 527 1140 576 cadunt.
1216 526 1457 576 Probatur
1489 534 1656 575 autem
1687 526 1752 575 ab
1775 526 1955 576 eodem

300 604 386 655 illo
411 606 622 655 maxime
645 623 815 670 paean,
839 606 923 670 qui
947 615 1020 656 est
1053 608 1262 671 duplex:
1298 623 1414 655 nam
1438 615 1523 656 aut
1546 623 1576 655 a
1611 608 1760 670 longa
1788 605 1952 666 oritur,
1977 615 2002 659 5

301 702 451 750 quam
488 695 584 737 tres
625 688 796 738 breves
838 697 1221 752 consequuntur,
1259 696 1313 737 ut
1354 689 1477 737 haec
1514 688 1664 737 verba
1705 685 1952 747 ‘desinite,

299 766 515 832 incipite,
556 768 895 832 comprimite,'
936 778 1021 817 aut
1061 786 1090 817 a
1126 767 1358 819 brevibus
1397 768 1632 832 deinceps
1673 766 1842 828 tribuS,
1881 783 1959 817 ex·

299 855 455 897 trema
490 850 732 912 producta
771 858 920 913 atque
960 851 1119 913 longa,
1140 860 1142 862 ’
1165 848 1290 899 sicut
1335 848 1417 898 illa
1463 858 1577 898 sunt
1621 849 1955 908 ‘domuerant,

301 928 564 991 sonipedes
581 932 623 990 '3
657 938 806 993 atque
838 929 907 978 illi
939 930 1238 993 philosopho
1271 930 1419 980 ordiri
1453 932 1615 994 placet
1644 947 1676 979 a
1709 928 1958 993 superiore

300 1025 501 1073 paeane,
522 1009 790 1072 posteriore
815 1009 954 1058 finire
970 1027 984 1071 5
1021 1018 1094 1058 est
1117 1018 1283 1059 autem
1307 1027 1465 1074 paean
1489 1010 1570 1060 hie
1593 1008 1832 1074 posterior
1854 1025 1958 1059 non
1983 1027 2035 1058 ιο

302 1090 598 1152 syllabarum
634 1105 854 1149 numem,
891 1090 980 1139 sed
1015 1089 1207 1138 aurium
1243 1106 1484 1150 mensura,
1520 1091 1659 1154 quod
1693 1097 1767 1139 est
1799 1089 1959 1140 acrius

302 1169 541 1220 iudicium
566 1178 614 1220 et
639 1170 830 1230 certiuS,
849 1187 936 1235 par
953 1172 1053 1220 fere
1077 1170 1271 1232 cretiCO,
1292 1170 1377 1235 qui
1401 1179 1475 1221 est
1498 1187 1559 1221 ex
1581 1172 1729 1236 longa
1753 1179 1802 1222 et
1824 1169 1961 1222 brevi

302 1259 351 1301 et
375 1254 551 1315 longa:
587 1260 641 1300 ut

371 1332 509 1395 Quid
543 1341 710 1396 petam
745 1331 971 1397 praesidi,
1008 1341 1093 1382 aut
1128 1335 1401 1397 exsequar?
1447 1350 1609 1398 quove
1643 1345 1777 1384 nunc
1801 1372 1812 1384 .
1841 1373 1851 1384 .
1879 1372 1889 1384 .

303 1417 351 1463 A
386 1431 487 1478 quo
524 1430 731 1463 numero
769 1430 968 1463 exorsus
1009 1422 1083 1463 est
1125 1413 1372 1464 Fannius:
1412 1414 1491 1474 ‘si,
1534 1414 1765 1477 Quirites,
1802 1414 1962 1465 minas
1987 1431 2035 1475 15

252 1539 281 1586 8
304 1495 463 1544 illius!
535 1497 689 1544 Hunc
721 1494 802 1544 ille
834 1495 1064 1545 clausulis
1087 1494 1327 1560 aptiorem
1356 1504 1508 1560 putat,
1537 1512 1659 1560 quas
1681 1498 1786 1545 vult
1816 1498 1964 1561 longa

204 1553 282 1666 434
304 1579 595 1641 plerumque
620 1577 805 1640 syllaba
828 1576 1089 1626 terminari.
1163 1578 1342 1640 Neque
1365 1593 1482 1627 vero
1517 1578 1640 1627 haec
1668 1586 1769 1627 tam
1799 1593 1964 1628 acrem

303 1675 472 1707 curam
508 1657 911 1722 diligentiamque
946 1658 1242 1719 desiderant,
1269 1675 1419 1722 quam
1441 1667 1533 1708 est
1559 1658 1642 1708 illa
1676 1667 1964 1723 poetarum‘
1949 1697 1964 1721 ,

305 1756 430 1803 quos
455 1739 720 1788 necessitas
745 1739 876 1802 cogit
901 1748 950 1788 et
973 1738 1067 1803 ipsi
1091 1738 1283 1788 numeri
1306 1755 1365 1788 ac
1389 1738 1528 1789 modi
1557 1739 1627 1788 sic
1650 1740 1800 1790 verba
1821 1756 1964 1790 versu

305 1820 571 1880 includere,
598 1828 653 1869 ut
677 1819 800 1868 nihil
833 1819 893 1868 sit
917 1837 981 1869 ne
1006 1819 1176 1884 spiritu
1201 1819 1404 1883 quidem
1429 1820 1637 1869 minimo
1661 1820 1856 1871 brevius
1879 1830 1965 1871 aut
1990 1842 2042 1874 ιο

305 1901 511 1965 longius,
541 1918 690 1964 quam
714 1917 917 1949 necesse
941 1909 1027 1949 est.
1101 1899 1324 1950 Liberior
1355 1909 1430 1950 est
1464 1901 1620 1951 oratio
1652 1910 1701 1951 et
1723 1904 1883 1966 plane,
1909 1911 1965 1952 ut

307 1982 497 2042 dicitur,
518 1982 589 2031 sic
610 1990 684 2031 est
707 1998 820 2030 vere
845 1983 1016 2041 soluta,
1045 1997 1148 2030 non
1172 1990 1226 2030 ut
1243 1980 1396 2045 fugiat
1419 1989 1586 2031 tamen
1609 1991 1694 2031 aut
1716 1992 1853 2042 erret,
1876 1985 1965 2034 sed

307 2072 361 2112 ut
398 2063 503 2112 sine
544 2062 751 2111 vinculis
790 2062 884 2111 sibi
931 2062 1037 2126 ipsa
1076 2064 1368 2112 moderetur.
1443 2064 1676 2126 Namque
1712 2079 1805 2127 ego
1842 2064 1964 2114 illud

306 2144 555 2194 adsentior
589 2144 950 2207 Theophrasto,
990 2142 1075 2206 qui
1107 2152 1247 2206 putat
1282 2142 1569 2204 orationem,
1596 2160 1724 2207 quae
1759 2144 1963 2208 quidem

308 2225 370 2275 sit
404 2225 558 2289 polita
591 2234 740 2288 atque
775 2226 904 2273 facta
939 2225 1158 2288 quodam
1192 2226 1357 2284 modo,
1390 2241 1494 2275 non
1525 2225 1734 2286 astricte,
1769 2228 1857 2276 sed
1894 2244 1963 2277 re·
1986 2245 2037 2288 25

210 2316 286 2368 185
309 2306 503 2356 missius
527 2322 841 2356 numerosam
866 2322 973 2354 esse
992 2314 1229 2369 oportere.
1303 2305 1515 2366 Etenim,
1550 2305 1679 2356 sicut
1708 2306 1790 2357 ille
1813 2307 1966 2372 suspi-

309 2397 458 2448 catur,
484 2396 534 2437 et
566 2405 625 2436 ex
658 2387 762 2436 istis
788 2387 963 2446 modis,
992 2386 1172 2451 quibus
1201 2386 1283 2436 hic
1317 2386 1524 2436 usitatus
1547 2403 1714 2437 versus
1745 2389 1962 2450 efficitur,

307 2478 420 2533 post
453 2478 759 2533 anapaestus,
796 2468 1043 2532 procerior
1079 2467 1282 2532 quidam
1320 2485 1567 2528 numerus,
1595 2469 1817 2530 efflOruit,
1848 2469 1966 2520 inde

308 2550 390 2601 ille
423 2550 647 2600 licentior
682 2559 730 2600 et
767 2549 962 2600 divitior
1002 2549 1141 2599 fluxit
1175 2549 1529 2613 dithyrambUS,
1567 2549 1707 2599 cuius
1744 2551 1967 2601 membra

364 2678 418 2716 M
437 2699 471 2712 =
492 2678 629 2718 AEH
787 2692 812 2717 2
839 2678 964 2718 Altae
986 2677 1039 2716 M
1053 2694 1062 2718 ε
1089 2678 1212 2719 Aliae
1232 2677 1269 2716 L
1290 2679 1428 2730 vulg:
1456 2678 1570 2718 Arae
1588 2678 1779 2719 Ellendt:
1806 2679 1964 2721 Valvae

311 2732 477 2783 Maehly
652 2746 677 2782 3
706 2733 827 2772 heroi
846 2734 933 2773 secl.
958 2731 1135 2784 Madvig
1315 2747 1340 2782 4
1369 2733 1592 2772 verborum
1612 2745 1695 2772 om.
1717 2732 1773 2772 M
1938 2746 1965 2785 5

311 2801 445 2837 paean
468 2786 521 2825 M
534 2803 543 2826 ε
586 2800 699 2837 pean
721 2787 804 2826 mL
825 2802 834 2827 :
876 2800 989 2837 peon
1009 2800 1055 2827 e:
1084 2800 1223 2838 paeon
1243 2788 1352 2838 vulg.
1469 2824 1472 2826 ,
1521 2799 1544 2836 7
1574 2800 1599 2826 a
1619 2799 1703 2827 om.
1727 2786 1782 2825 M
1936 2802 1966 2839 9

312 2841 441 2879 ordiri
462 2840 498 2878 L
520 2843 630 2892 vulg.
653 2856 662 2880 ε
692 2843 847 2880 oratori
870 2841 923 2879 M
1057 2854 1099 2879 11
1134 2841 1260 2880 finiri.
1302 2842 1344 2880 Is
1363 2847 1504 2880 autem
1525 2840 1562 2879 L
1735 2854 1783 2892 13
1811 2848 1860 2882 ut
1877 2855 1962 2882 om.

312 2894 365 2932 M
519 2907 567 2945 15
602 2895 789 2934 ‘Ennius
819 2909 966 2935 nomen
993 2895 1166 2934 libram'is
1194 2896 1329 2934 notius
1349 2896 1560 2947 plerosque
1585 2895 1708 2935 libros
1734 2895 1960 2947 occupavit·

310 2947 472 2988 Ellendt
583 2962 635 2987 22
664 2956 820 2989 terreat
841 2947 894 2988 M
1027 2961 1079 3001 25
1108 2950 1240 2989 fracta
1260 2947 1314 2988 M
1445 2961 1496 2999 27
1526 2954 1570 2990 et
1597 2962 1654 2990 ex
1672 2950 1764 2990 istis
1792 2949 1869 2990 M:
1907 2963 1963 2990 ex

312 3002 395 3044 illis
415 3001 452 3041 L
473 3017 482 3043 :
521 3016 577 3043 ex
597 3003 688 3043 istis
708 3005 817 3055 vulg.
