2150 3444
138 167 198 217 19
223 164 278 204 80
757 157 826 207 M.
867 159 1095 208 TVLLI-
1115 155 1498 210 CICERONIS

298 297 482 347 deinde
519 297 760 348 contraria
804 300 1045 360 refutare3
1094 308 1200 348 tum
1246 308 1411 349 autem
1458 298 1540 349 alii
1586 295 1956 352 conclusionem

299 378 530 429 orationis
567 388 615 429 et
647 379 785 444 quasi
818 379 1179 444 perorationem
1213 382 1489 440 conlocant,
1515 380 1597 430 alii
1628 380 1815 443 iubent,
1841 393 1956 433 ante

299 477 447 523 quam
472 470 734 525 peroretur,
772 462 979 512 ornandi
1012 471 1096 512 aut
1120 461 1333 526 augendi
1358 455 1505 512 causa
1532 461 1732 526 digredi,
1771 463 1955 514 deinde

224 549 271 588 81
298 543 594 592 concludere
617 560 675 592 ac
698 559 934 606 perorare.
1008 545 1087 593 Ne
1102 545 1225 593 haec
1249 532 1452 606 quidem
1466 545 1775 607 >'reprehendo
1791 562 1805 605 3
1840 553 1955 594 sunt

298 622 430 671 enim
463 623 707 674 concinne
737 623 1010 684 distributa,
1049 625 1137 674 sed
1169 633 1349 684 tamen,
1378 624 1429 674 id
1465 626 1601 688 quod
1634 641 1835 674 necesse
1863 624 1955 674 fuit
1976 641 2000 683 5

297 704 581 754 hominibus
631 705 910 769 expertibus
963 705 1189 766 veritatis,
1244 723 1347 755 non
1395 705 1579 769 perite:
1643 721 1770 769 quae
1819 705 1952 755 enim

296 794 556 849 praecepta
579 785 931 849 principiorum
956 794 1004 835 et
1029 773 1363 836 narratiOnum
1389 803 1496 836 esse
1519 784 1790 845 voluerunt,
1819 802 1878 836 ea
1900 785 1952 835 in

220 869 270 908 82
297 865 410 914 totis
452 866 754 916 orationibus
796 876 910 916 sunt
946 870 1281 919 conservanda
1297 886 1311 929 3
1357 885 1473 917 nam
1511 885 1604 932 ego
1642 866 1764 917 mihi
1804 868 1952 916 bene-

294 949 461 996 volum
499 947 713 997 iudicem
749 947 938 997 facilius
975 950 1133 998 facere
1168 966 1384 1013 possum,
1423 965 1537 998 cum
1573 965 1681 998 sum
1716 948 1769 997 in
1804 965 1949 998 cursu

293 1026 540 1089 orationis,
579 1045 727 1092 quam
761 1045 875 1078 cum
908 1028 1076 1078 omnia
1107 1038 1221 1078 sunt
1244 1029 1465 1079 inaudita
1480 1047 1494 1090 3
1543 1028 1757 1079 docilem
1781 1038 1947 1080 autem
1972 1046 2024 1077 10

291 1125 392 1157 non
417 1125 531 1157 cum
547 1109 782 1173 polliceor
807 1126 886 1159 me
912 1111 1375 1170 demonstraturum,
1394 1111 1481 1160 sed
1506 1118 1626 1169 tum,
1649 1126 1763 1159 cum
1787 1111 1948 1160 doceo

289 1197 338 1237 et
373 1191 611 1253 exp'lan03
660 1198 903 1240 attentum
938 1208 1053 1241 vero
1081 1188 1294 1257 [crebro]
1321 1200 1424 1241 tota
1453 1190 1648 1240 actione
1677 1188 1947 1240 excitandis

290 1270 539 1321 mentibus
563 1271 799 1332 iudicum,
827 1289 929 1322 non
954 1260 1111 1337 prima
1139 1271 1515 1322 denuntiatione
1551 1272 1743 1322 efficere
1777 1287 1947 1335 possu-

210 1359 261 1408 83
289 1366 410 1401 mus.
486 1354 594 1402 Iam
618 1370 733 1403 vero
758 1352 1086 1403 narrationem
1113 1354 1248 1417 quod
1277 1352 1450 1403 iubent
1477 1352 1577 1402 veri
1603 1351 1812 1402 similem
1837 1356 1944 1402 esse

286 1441 334 1481 et
375 1442 593 1496 apertam
641 1442 689 1483 et
729 1435 941 1494 brevem,
976 1443 1118 1484 ,recte
1155 1451 1247 1483 nos
1284 1435 1586 1484 admonent:
1646 1434 1783 1497 quod
1820 1433 1944 1483 haec
1970 1449 2017 1490 15

286 1514 574 1563 narrationis
599 1514 752 1578 magis
776 1523 953 1578 putant
977 1532 1084 1564 esse
1115 1514 1310 1579 propria
1342 1531 1491 1579 quam
1516 1514 1666 1565 totius
1691 1513 1938 1574 orationis,

284 1596 426 1644 valde
462 1594 584 1644 mihi
619 1595 1071 1656 videntur'errare3
1121 1595 1426 1660 omninoque
1461 1595 1511 1644 in
1547 1597 1644 1645 hoc
1673 1594 1835 1645 omnis
1867 1604 1942 1646 est

283 1692 425 1735 error,
468 1678 604 1740 quod
643 1676 922 1726 existimant
960 1676 1219 1727 artificium
1261 1694 1367 1728 esse
1408 1679 1505 1727 hoc
1544 1677 1798 1741 quoddam
1836 1693 1938 1727 non

282 1755 518 1807 dissimile
543 1766 831 1819 ceterorum,
859 1758 998 1808 cuius
1031 1758 1168 1809 modi
1201 1761 1263 1809 de
1292 1759 1400 1823 ipso
1424 1758 1528 1809 iure
1552 1758 1682 1808 civili
1706 1759 1940 1809 hesterno

280 1836 361 1886 die
379 1839 582 1888 Crassus
599 1839 831 1903 componi
850 1857 995 1904 posse
1011 1840 1237 1890 dicebat:
1274 1850 1327 1890 ut
1350 1858 1529 1904 genera
1543 1857 1704 1890 rerum
1721 1839 1934 1905 primum
1959 1855 2011 1884 20

280 1928 650 1983 exponerentur,
690 1919 741 1968 in
782 1937 882 1984 quo
919 1921 1091 1970 vitium
1133 1930 1218 1982 est,
1264 1921 1304 1971 si
1338 1938 1492 1985 genus
1533 1923 1688 1971 ullum
1728 1930 1936 1986 praeter·

279 1998 485 2049 mittitur
500 2019 514 2061 3
563 2000 745 2050 deinde
792 2001 1093 2065 singulorum
1139 2011 1299 2066 partes
1346 2019 1594 2066 generum,
1644 2002 1695 2068 in
1736 2018 1837 2066 quo
1885 2011 1933 2051 et

277 2081 449 2131 deesse
486 2080 702 2145 aliquam
739 2091 928 2146 partem
974 2091 1024 2132 et
1070 2100 1295 2147 superare
1334 2085 1629 2133 mendosum
1670 2092 1743 2132 est
1759 2101 1773 2144 3
1826 2091 1932 2132 tum

184 2206 253 2243 20
276 2161 536 2211 verborum
584 2162 806 2212 omnium
854 2163 1181 2224 definitiones,
1225 2163 1276 2213 in
1323 2164 1502 2228 quibus
1548 2181 1711 2228 neque
1756 2164 1930 2215 abesse

200 2271 224 2311 8
226 2282 253 2322 4
276 2241 541 2305 quicquam
567 2243 710 2293 decet
734 2260 897 2307 neque
920 2246 1208 2295 redundare.
1282 2247 1380 2295 Sed
1405 2247 1502 2295 hoc
1517 2244 1557 2294 si
1581 2244 1631 2294 in
1656 2240 1758 2295 iure
1782 2245 1925 2306 civili,
1953 2255 2006 2298 25
2075 2305 2078 2309 ,

274 2321 314 2370 si
338 2321 485 2372 etiam
521 2322 571 2372 in
607 2323 765 2387 parvis
794 2334 878 2374 aut
910 2325 1241 2376 mediocribus
1269 2326 1415 2375 rebus
1447 2325 1692 2376 doctiores
1720 2326 1927 2390 adsequi

271 2412 490 2464 possunt,
519 2421 621 2453 non
651 2404 785 2455 idem
818 2405 977 2455 sentio
1014 2415 1150 2455 tanta
1181 2408 1275 2456 hac
1298 2406 1350 2455 in
1381 2424 1432 2456 re
1457 2415 1657 2471 tamque
1685 2405 1927 2458 immensa

270 2499 415 2545 posse
447 2484 583 2545 fieri3
632 2484 708 2535 sin
741 2495 907 2535 autem
941 2486 1027 2550 qui
1061 2486 1368 2548 arbitrantur,
1402 2487 1686 2538 deducendi
1715 2497 1829 2538 sunt
1848 2491 1933 2539 —ad'

269 2581 367 2623 eOS‚
411 2564 496 2628 qui
534 2567 658 2617 haec
698 2569 881 2618 docent
897 2586 912 2629 3
961 2567 1129 2618 omnia
1168 2567 1266 2617 iam
1314 2568 1553 2632 explicata
1597 2577 1647 2619 et
1683 2569 1924 2634 perpolita

266 2646 633 2708 adsequentur3
693 2657 807 2697 sunt
842 2647 974 2698 enim
1010 2647 1391 2698 innumerabiles
1421 2650 1485 2699 de
1518 2648 1595 2699 his
1630 2650 1776 2700 rebus
1810 2649 1920 2700 libri
1943 2660 1996 2700 30

266 2725 429 2788 neque
463 2727 619 2777 abditi
651 2745 814 2792 neque
846 2728 1076 2779 obscuri:
1125 2730 1213 2779 sed
1242 2729 1591 2794 videant-quid
1619 2729 1773 2780 velint·
1787 2748 1803 2792 3
1853 2732 1933 2781 adj

317 2854 372 2894 M
389 2875 423 2889 =
444 2854 583 2896 AEH
711 2871 737 2909 3
766 2857 969 2912 augendi]
999 2860 1154 2910 egendi
1177 2846 1238 2898 ’Μ
1396 2847 1400 2850 ’
1422 2861 1453 2899 6
1479 2872 1566 2900 non
1586 2848 1805 2911 perifH:
1829 2872 1914 2900 non

262 2913 356 2958 peri
376 2915 418 2949 te
438 2910 479 2948 A
595 2924 642 2950 12
672 2914 821 2952 crebro
840 2914 950 2964 vulg.
971 2927 980 2953 ι
1011 2914 1140 2953 credo
1159 2913 1256 2953 Mm
1367 2925 1416 2953 21
1442 2914 1802 2964 praetermittatur
1821 2925 1908 2953 recc.

261 2965 316 3001 26
343 2964 540 3003 doctores
568 2965 707 3007 codd.:
737 2979 836 3006 corr.
871 2966 1105 3006 Lambinus
1266 2979 1322 3018 3ο
1349 2968 1636 3018 adsequentur
1662 2966 1750 3007 ΑΕ
1763 2979 1773 3005 :
1813 2979 1911 3007 con-

260 3022 493 3067 sequentur
512 3018 563 3056 H
720 3033 769 3069 31
803 3033 939 3070 neque
961 3021 1090 3061 abditi
1109 3033 1191 3061 om.
1217 3020 1273 3060 M
