2150 3444
744 124 839 172 DE
876 123 1218 172 ORATORE
1290 123 1344 170 II
1905 122 2071 183 64258

211 278 331 318 cum
363 264 561 312 Asellus
586 261 748 312 omnis
773 278 826 311 se
860 260 1136 326 provincias
1172 259 1419 324 stipendia
1450 272 1722 310 merentem
1747 278 1882 325 pera·

211 359 376 408 grasse
397 342 711 407 gloriaretur:
751 347 763 369 ‘
779 360 894 407 agas
918 344 1126 393 asellum
1142 344 1153 366 '
1178 351 1228 392 et
1251 351 1414 391 cetera
1432 359 1446 403 3
1482 359 1581 405 qua
1605 359 1656 391 re
1681 359 1739 391 ea
1763 359 1882 406 quo-

212 423 325 489 que,
352 424 590 489 quoniam
627 424 826 475 mutatis
855 424 1016 475 verbis
1054 440 1156 474 non
1189 432 1399 488 possunt
1433 422 1642 473 retinere
1666 425 1879 473 eandem

211 514 537 567 venustatem,
564 523 668 557 non
695 505 748 555 in
779 523 843 565 re,
871 507 962 556 sed
992 504 1045 555 in
1068 503 1230 554 verbis
1265 503 1427 568 posita
1458 505 1714 554 ducantur.
1789 506 1881 554 Est
1906 517 1987 561 259

164 604 190 647 5
212 586 362 638 etiam
397 586 452 637 in
486 587 639 638 verbo
675 586 894 652 positum
929 604 1032 637 non
1070 586 1314 636 insulsum
1350 602 1507 650 genus
1547 603 1607 635 ex
1644 602 1719 647 e0,
1764 602 1878 635 cum

210 670 276 720 ad
310 668 530 731 verbum,
569 685 671 719 non
706 669 772 718 ad
807 668 1104 718 sententiam
1139 685 1244 718 rem
1278 667 1503 731 accipere
1537 666 1768 729 videare3
1821 685 1881 717 ex

209 766 312 814 quo
358 765 461 801 uno
505 766 685 815 genere
731 758 864 799 totus
911 758 986 799 est
1032 751 1204 810 Tutor,
1255 747 1437 798 mimus
1485 758 1638 810 vetuS,
1689 747 1879 812 oppido

207 829 456 880 ridiculus.
529 832 631 881 Sed
653 830 781 880 abeo
804 847 836 881 a
866 829 1030 879 mimis
1047 848 1062 891 3
1114 838 1308 880 tantum
1332 846 1488 894 genus
1513 829 1660 881 huius
1684 829 1878 880 ridiculi

206 909 387 975 insigni
425 909 591 976 aliqua
630 920 680 963 et
717 920 837 961 nota
877 928 929 962 re
970 910 1130 962 notari
1164 913 1315 973 volo;
1367 921 1442 962 est
1477 921 1644 962 autem
1680 903 1743 961 ex'
1780 912 1879 961 hoc

135 1011 186 1041 10
205 1009 386 1058 genere
408 991 545 1054 illud,
573 994 711 1057 quod
735 1002 802 1053 tu,
832 994 1023 1055 Crasse,
1051 1010 1210 1058 nuper
1234 992 1294 1055 ei,
1321 993 1408 1058 qui
1432 1002 1481 1043 te
1505 1001 1736 1057 rogasset,
1755 1010 1877 1042 num

205 1074 299 1126 tibi
321 1076 559 1126 molestus
578 1084 707 1126 esset
731 1077 937 1137 futuruS,
965 1074 1006 1125 si
1029 1075 1095 1125 ad
1112 1084 1161 1125 te
1180 1075 1308 1125 bene
1323 1083 1439 1124 ante
1458 1076 1620 1125 lucem
1646 1073 1874 1135 venisset,

208 1158 222 1182 ‘
239 1164 294 1205 tu
317 1157 464 1206 vero’
492 1155 695 1220 inquisti
727 1159 739 1182 ‘
759 1158 997 1207 molestus
1028 1173 1131 1206 non
1165 1155 1288 1205 eriS.'
1363 1155 1596 1207 ‘Iubebis
1628 1154 1773 1219 igitur
1797 1164 1847 1205 te
1865 1157 1877 1178 '

205 1235 369 1301 inquit
419 1237 672 1288 ‘suscitari
691 1240 712 1288 Ρ
730 1238 742 1262 ’
802 1240 867 1288 Et
897 1247 969 1288 -tu
1020 1242 1182 1287 ‘certe
1228 1253 1460 1301 negaram
1513 1246 1562 1287 te
1609 1238 1875 1287 molestum

205 1318 456 1368 futurum.’
525 1321 602 1368 Ex
625 1319 805 1369 eodem
830 1320 928 1368 hoc
959 1327 1100 1369 vetus
1125 1317 1248 1368 illud
1274 1327 1360 1378 est,
1390 1319 1527 1382 quod
1552 1317 1690 1368 aiunt
1716 1319 1876 1367 Malu·
1900 1322 1983 1363 260

135 1417 183 1459 15
202 1397 462 1462 ginensem
501 1398 640 1449 illum
678 1397 796 1466 [M.]
834 1398 1135 1464 Scipionem,
1172 1416 1288 1449 cum
1324 1417 1384 1449 ex
1425 1398 1646 1448 centuria
1681 1415 1771 1449 sua
1807 1417 1877 1448 re-

203 1479 452 1529 nuntiaret
492 1479 764 1531 Acidinum
803 1482 1061 1530 consulem
1098 1497 1379 1545 praecoque
1415 1479 1617 1529 dixisset
1662 1479 1774 1530 ‘dic
1809 1481 1874 1530 de

204 1562 260 1613 L.
301 1560 558 1613 Manlio’:
614 1565 627 1589 ‘
646 1561 803 1611 virum
840 1562 1063 1613 bonum'
1099 1561 1261 1625 inquit
1300 1560 1677 1626 ‘egregiumque
1713 1561 1872 1612 civem

202 1658 312 1692 esse
347 1641 584 1693 arbitror!
655 1642 889 1693 Ridicule
928 1642 1078 1693 etiam
1119 1642 1243 1693 illud
1290 1644 1345 1692 L.
1394 1640 1640 1710 [Porcius]
1690 1643 1873 1694 Nasica

202 1722 396 1774 censori
420 1723 603 1775 Catoni
619 1742 633 1786 3
683 1741 798 1774 cum
824 1723 906 1774 ille
934 1727 946 1751 ‘
964 1741 1024 1774 ex
1048 1722 1119 1773 tui
1142 1723 1297 1773 animi
1321 1723 1566 1773 sententia
1591 1732 1642 1772 tu
1668 1740 1871 1774 uxorem

127 1826 181 1856 20
201 1805 420 1856 habes?'
481 1808 494 1832 ‘
512 1807 632 1856 Non
669 1808 895 1861 hercule’
933 1805 1094 1870 inquit
1138 1810 1228 1856 ‘ex
1265 1804 1364 1855 mei
1404 1805 1559 1855 animi
1598 1807 1872 1857 sententia.'

203 1887 350 1937 Haec
382 1895 469 1937 aut
491 1886 679 1952 frigida
714 1896 829 1938 sunt
852 1896 938 1938 aut
974 1896 1080 1938 tum
1116 1888 1256 1948 salsa,
1295 1903 1412 1936 cum
1437 1886 1573 1937 aliud
1606 1896 1681 1938 est
1705 1905 1870 1952 exspe-

199 1975 401 2020 ctatum.
450 1970 501 2019 N
502 1977 646 2019 aturav
657 1968 792 2019 enim
811 1986 917 2030 nos,
936 1977 990 2019 ut
1014 1977 1130 2018 ante
1154 1967 1268 2028 dixi,
1288 1977 1455 2018 noster
1479 1969 1693 2018 delectat
1708 1986 1839 2019 error
1854 1988 1869 2032 3

198 2065 260 2102 ex
294 2066 410 2115 qu0,
449 2067 565 2114 eum
601 2051 742 2116 quasi
777 2050 976 2116 decepti
1008 2066 1180 2100 sumus
1216 2048 1598 2114 exspectatione,
1631 2049 1862 2100 ridemus.
1889 2090 1925 2137 6

202 2129 265 2181 In
298 2131 460 2183 ver-bis
499 2132 649 2183 etiam
685 2132 769 2183 illa
801 2141 931 2194 sunt,
970 2148 1099 2201 quae
1133 2139 1219 2181 aut
1254 2148 1314 2180 ex
1349 2130 1609 2180 immutata
1644 2131 1866 2182 oratione
1894 2099 1966 2205 26⁵1

125 2228 177 2272 ³5
201 2213 452 2265 ducuntur
475 2223 561 2266 aut
593 2232 654 2265 ex
687 2214 835 2266 unius
869 2214 1007 2267 verbi
1042 2212 1362 2265 translatione
1386 2221 1471 2262 aut
1507 2229 1566 2263 ex
1590 2211 1868 2263 inversione

200 2295 477 2348 verborum.
551 2299 627 2346 Ex
663 2295 1024 2356 immutatione,
1066 2304 1121 2347 ut
1169 2294 1289 2346 olim
1338 2296 1507 2343 Rusca
1544 2310 1660 2343 cum
1707 2295 1869 2357 legem

198 2378 346 2428 ferret
384 2379 630 2439 annalem,
671 2377 923 2428 dissuasor
962 2378 1033 2426 M.
1080 2375 1312 2426 Servilius
1366 2374 1474 2424 ‘dic
1516 2373 1669 2436 mihi,'
1707 2373 1868 2438 inquit

202 2459 303 2508 (Μ.
325 2458 504 2520 Pinari,
531 2476 667 2521 num,
695 2458 737 2509 si
760 2468 934 2509 contra
956 2467 1006 2509 te
1035 2457 1220 2518 dixero,
1249 2455 1371 2505 mihi
1397 2457 1527 2505 male
1551 2455 1771 2505 dicturus
1796 2473 1862 2517 es,

197 2548 253 2591 ut
276 2540 449 2590 ceteris
473 2539 632 2591 fecisti
650 2540 701 2590 3³⁸
759 2542 860 2591 ‘Ut
882 2547 1158 2589 sementem
1182 2536 1369 2599 feceriS,
1387 2536 1456 2587 ita
1478 2546 1635 2586 metes
1654 2537 1666 2559 '
1689 2535 1861 2601 inquit.

123 2636 176 2679 30
200 2622 276 2677 Ex
298 2621 617 2679 translatione
640 2629 820 2683 autem,
860 2629 927 2682 ut,
956 2637 1071 2670 cum
1104 2618 1271 2683 Scipio
1307 2618 1388 2667 ille
1412 2617 1569 2667 maior
1594 2616 1864 2677 Corinthiis
1891 2627 1967 2669 262

197 2709 409 2755 statuam
445 2701 795 2767 pollicentibus
830 2718 890 2752 eo
925 2703 1052 2763 loco,
1096 2700 1183 2751 ubi
1217 2698 1426 2750 aliorum
1462 2707 1626 2751 essent
1660 2697 1865 2763 impera«

250 2829 305 2871 M
320 2851 357 2867 --
376 2831 431 2877 H
554 2846 580 2882 4
609 2832 809 2873 dicuntur
822 2831 919 2872 Hm
1079 2842 1128 2880 13
1156 2841 1337 2880 negaras
1358 2829 1395 2868 L
1538 2839 1586 2879 15
1618 2828 1675 2868 M.
1697 2829 1866 2869 sustulit

195 2884 360 2927 Ellendt
517 2899 566 2937 17
596 2900 697 2938 ·que
714 2900 801 2927 om.
824 2885 921 2925 Hm
1081 2886 1131 2924 18
1160 2898 1256 2926 esse
1284 2896 1370 2925 om.
1394 2882 1492 2924 Hm
1599 2883 1647 2925 L.
1669 2884 1863 2935 porcium

194 2939 318 2983 Hm:
348 2940 398 2983 L.
418 2940 584 2994 portius
605 2942 664 2982 Le
682 2956 693 2983 z
724 2941 771 2982 L.
791 2940 949 2994 scn‘psit
964 2938 1130 2983 Ellendt

707 3009 712 3013 ’
1673 3007 1751 3049 10*
