2150 3444
792 134 888 184 DE
926 133 1269 185 ORATORE
1341 133 1424 184 III
1963 144 2094 195 2285

270 281 356 333 est,
399 273 464 322 de
509 289 707 323 summo
754 282 946 324 oratore
992 272 1156 323 dicam
1203 286 1406 323 necesse
1452 283 1527 325 est
1544 293 1556 336 3
1608 274 1679 323 vis
1722 274 1852 323 enim
1892 280 1941 322 et

269 362 443 404 natura
466 353 548 414 rei,
576 353 669 403 nisi
692 356 910 418 perfecta
931 363 1047 405 ante
1070 356 1243 405 oculos
1267 353 1478 419 ponitur,
1502 352 1658 417 qualis
1684 363 1731 402 et
1756 362 1942 417 quanta

268 433 332 484 sit
366 433 583 499 intellegi
620 452 723 485 non
763 445 939 501 potest.
1015 438 1102 486 Me
1141 444 1323 496 autern,
1359 436 1550 495 Catule,
1588 437 1743 484 fateor
1778 452 1941 498 neque

268 514 420 567 hodie
444 515 495 566 in
519 515 623 567 istis
656 516 790 567 libris
822 527 871 568 et
903 534 1018 567 cum
1051 516 1155 567 istis
1188 515 1475 566 hominibus
1499 515 1661 564 vivere
1690 532 1782 564 nec
1807 532 1936 575 ver0,

224 612 248 655 5
267 596 320 648 id
358 599 497 662 quod
532 606 586 648 tu
624 607 756 649 recte
789 597 1188 657 commeministi,
1228 599 1384 647 ullum
1427 613 1665 660 umquam
1707 595 1940 645 habuisse

265 678 539 743 sepositum
575 687 771 743 tempus
805 680 871 729 ad
906 677 1202 728 discendum
1237 694 1295 727 ac
1331 686 1525 727 tantum
1560 676 1788 727 tribuisse
1823 679 1940 727 doc-

267 758 422 810 trinae
446 758 694 823 temporis,
721 767 962 823 quantum
997 758 1117 808 mihi
1149 757 1348 823 puerilis
1371 767 1520 818 aetas,
1547 759 1765 807 forenses
1790 757 1937 807 feriae
1960 804 1991 840 2

265 838 611 890 concesserint.
683 841 774 899 Ae,
801 839 843 889 si
875 839 1083 904 quaeriS,
1111 841 1302 901 Catule,
1331 841 1396 890 de
1429 839 1655 890 doctrina
1690 839 1782 888 ista
1814 839 1936 902 quid
1960 804 2026 909 333

266 936 359 984 ego
383 919 607 982 sentiam,
633 937 736 971 non
761 929 954 971 tantum
986 920 1245 986 ingenioso
1273 920 1465 971 homini
1489 930 1538 970 et
1563 920 1621 981 ei,
1649 920 1734 985 qui
1759 923 1937 983 forum,

195 1022 250 1055 ιο
267 1000 354 1067 qui
378 1001 581 1065 curiam,
605 1001 691 1067 qui
715 1019 901 1064 causaS,
930 1002 1016 1066 qui
1039 1020 1143 1052 rem
1171 1002 1424 1067 publicam
1449 1011 1649 1067 spectet,
1679 1020 1804 1067 opus
1830 1021 1937 1052 esse

265 1082 474 1134 arbitror
519 1083 767 1149 temporis,
810 1092 1051 1148 quantum
1093 1084 1187 1134 sibi
1228 1084 1274 1134 ei
1321 1094 1648 1149 sumpserunt,
1695 1102 1820 1149 quos
1867 1084 1937 1135 di-

265 1163 448 1214 scentis
485 1164 585 1214 vita
621 1164 836 1215 defecit:
888 1182 1064 1216 omnes
1102 1164 1235 1215 enim
1270 1174 1398 1215 artes
1433 1165 1572 1215 aliter
1609 1166 1672 1215 ab
1709 1165 1779 1215 eis
1818 1174 1938 1216 trac-

263 1254 441 1307 tantur,
489 1246 576 1311 qui
623 1263 706 1297 eas
751 1249 817 1298 ad
864 1264 1009 1297 usum
1061 1249 1371 1308 transferunt,
1419 1247 1559 1297 aliter
1604 1248 1668 1296 ab
1716 1247 1798 1309 eis,
1850 1247 1936 1312 qui

262 1326 491 1392 ipsarum·
515 1328 695 1378 artium
733 1338 941 1379 tractatu
980 1329 1211 1379 delectati
1250 1328 1373 1378 nihil
1414 1328 1466 1378 in
1504 1329 1603 1378 vita
1645 1338 1759 1378 sunt
1799 1328 1935 1379 aliud

180 1416 238 1460 15
260 1408 429 1459 acturi.
504 1409 742 1474 Magister
772 1410 854 1460 hic
878 1409 1172 1460 Samnitium
1210 1427 1406 1460 summa
1439 1410 1538 1460 iam
1575 1419 1828 1460 senectute
1862 1419 1936 1461 est
2012 1455 2016 1460 .

261 1498 311 1540 et
334 1490 518 1541 cotidie
543 1501 917 1552 commentatur,
947 1491 1068 1541 nihil
1094 1492 1227 1542 enim
1253 1500 1390 1542 curat
1414 1491 1549 1542 aliud
1573 1510 1582 1540 :
1623 1501 1673 1541 at
1699 1493 1761 1554 Q.
1790 1493 1936 1541 Velo-

259 1570 365 1621 cius
390 1589 513 1636 puer
534 1572 852 1635 addidicerat,
873 1575 961 1625 sed
985 1576 1122 1638 quod
1148 1583 1250 1624 erat
1273 1582 1417 1639 aptus
1435 1575 1501 1625 ad
1525 1573 1648 1625 illud
1673 1582 1935 1639 totumque

259 1663 509 1719 cognorat,
536 1654 641 1717 fuit,
669 1663 723 1706 ut
747 1665 820 1706 est
843 1657 978 1720 apud
1004 1656 1264 1716 Lucilium,

799 1737 1023 1802 quamvis
1047 1739 1210 1788 bonus
1235 1738 1341 1802 ipse

180 1829 237 1859 20
461 1816 656 1868 Samnis
680 1817 732 1867 in
756 1819 877 1868 ludo
901 1836 959 1868 ac
984 1819 1188 1869 rudibus
1213 1819 1367 1869 cuivis
1392 1821 1508 1871 satis
1531 1839 1705 1887 asper3

256 1898 346 1948 sed
368 1900 480 1963 plus
504 1915 684 1963 operae
708 1901 815 1949 foro
840 1899 1099 1961 tribuebat,
1121 1900 1306 1961 amiciS,
1334 1900 1402 1951 rei
1426 1902 1663 1951 familiari.
1702 1902 1928 1966 Valerius

255 1979 439 2031 cotidie
463 1981 695 2030 cantabat
714 1999 728 2043 3
764 1990 866 2031 erat
894 1981 1028 2031 enim
1064 1981 1318 2032 scaenicus
1342 2001 1352 2032 :
1400 1983 1521 2047 quid
1546 1986 1727 2034 faceret
1750 1985 1885 2035 aliud
1906 1988 1927 2034 ?

253 2062 322 2110 At
346 2061 614 2112 Numerius
640 2062 826 2124 Furius,
856 2072 1023 2113 noster
1053 2063 1315 2124 familiaris,
1343 2081 1459 2114 cum
1484 2074 1558 2114 est
1582 2067 1922 2127 commodum,
1947 2076 2002 2131 87

252 2151 419 2192 cantat
434 2162 451 2214 ς,
495 2153 570 2194 est
604 2143 738 2194 enim
773 2144 1134 2208 paterfamiliaS,
1169 2154 1244 2195 est
1279 2162 1431 2210 eques
1462 2148 1758 2208 Romanus3
1803 2165 1926 2212 puer

179 2234 229 2276 25
252 2222 427 2274 didicit
473 2225 611 2289 qu'od
658 2225 954 2275 discendum
1009 2225 1113 2275 fuit.
1211 2228 1403 2275 Eadem
1459 2226 1582 2277 ratio
1629 2236 1703 2277 est
1750 2229 1924 2278 harum

251 2303 430 2354 artium
472 2304 831 2367 maximarum3
876 2306 984 2355 dies
1023 2316 1073 2356 et
1113 2306 1273 2355 noctis
1311 2307 1469 2356 virum
1512 2325 1706 2358 summa
1746 2309 1924 2359 virtute

250 2394 301 2436 et
346 2386 608 2450 prudentia
653 2386 958 2448 videbamus,
1009 2387 1308 2453 philosopho
1355 2406 1470 2438 cum
1518 2407 1720 2454 operam
1767 2392 1920 2452 daret,

251 2468 314 2529 Q.
337 2468 657 2518 Tuberonem
674 2487 688 2530 3
722 2477 773 2518 at
797 2468 902 2519 eius
925 2471 1226 2519 avunculum
1251 2470 1330 2518 vix
1354 2469 1659 2535 intellegeres
1685 2471 1736 2521 id
1760 2489 1918 2536 agere,

249 2565 364 2598 cum
400 2558 565 2613 ageret
599 2559 781 2611 tamen,
810 2549 1109 2600 Africanum.
1186 2553 1289 2601 Ista
1323 2551 1580 2602 discuntur
1614 2538 1770 2614 facile,
1798 2554 1838 2603 si
1870 2563 1920 2605 et

138 2666 140 2669 -
177 2642 227 2683 30
249 2637 442 2679 tantum
489 2647 667 2692 sumas,
710 2641 951 2695 quantum
998 2649 1124 2697 opus
1172 2632 1250 2694 sit,
1288 2641 1336 2682 et
1374 2633 1558 2683 habeas
1605 2633 1691 2698 qui
1738 2636 1919 2686 docere

248 2710 458 2760 fideliter
480 2711 635 2776 possit
666 2721 715 2762 et
747 2711 872 2762 scias
908 2712 1056 2762 etiarn
1093 2713 1197 2778 ipse
1233 2713 1453 2775 discere,
1501 2716 1589 2765 sed
1621 2715 1662 2764 si
1692 2725 1795 2766 tota
1818 2716 1918 2767 vita
1939 2728 1992 2769 88

247 2790 371 2841 nihil
394 2791 513 2842 velis
549 2793 684 2843 aliud
718 2811 874 2858 agere,
907 2794 1013 2859 ipsa
1045 2795 1269 2845 tractatio
1302 2805 1350 2845 et
1382 2794 1607 2861 quaestio
1639 2797 1823 2848 cotidie
1858 2816 1918 2849 ex

302 2934 354 2972 25
385 2923 461 2962 suit
480 2937 566 2964 om.
588 2923 700 2965 codd.
714 2925 803 2976 sere
821 2937 963 2966 omnes
1086 2939 1137 2977 27
1168 2926 1425 2979 philosopho
1446 2927 1556 2969 codd.
1575 2942 1584 2969 ε
1616 2927 1917 2981 philosophiae

247 2977 399 3018 maluit
414 2977 615 3020 Friedrich
