<?xml version="1.0" encoding="UTF-8"?>
<!DOCTYPE html PUBLIC "-//W3C//DTD XHTML 1.0 Transitional//EN"
    "http://www.w3.org/TR/xhtml1/DTD/xhtml1-transitional.dtd">
<html xmlns="http://www.w3.org/1999/xhtml" xml:lang="en" lang="en">
 <head>
  <title>
</title>
<meta http-equiv="Content-Type" content="text/html;charset=utf-8" />
  <meta name='ocr-system' content='tesseract 3.04.00' />
  <meta name='ocr-capabilities' content='ocr_page ocr_carea ocr_par ocr_line ocrx_word'/>
</head>
<body>
  <div class='ocr_page' id='page_1' title='image "./rhetoricarecogno01ciceuoft_0236.png"; bbox 0 0 2150 3444; ppageno 0'>
   <div class='ocr_carea' id='block_1_1' title="bbox 139 136 1529 211">
    <p class='ocr_par' dir='ltr' id='par_1_1' title="bbox 139 136 1529 211">
     <span class='ocr_line' id='line_1_1' title="bbox 139 136 1529 211; baseline -0.005 -19"><span class='ocrx_word' id='word_1_1' title='bbox 139 154 201 211; x_wconf 80' lang='lat'><strong>37</strong></span> <span class='ocrx_word' id='word_1_2' title='bbox 232 161 305 203; x_wconf 82' lang='lat'><strong>152</strong></span> <span class='ocrx_word' id='word_1_3' title='bbox 790 139 861 186; x_wconf 92' lang='lat' dir='ltr'><strong>M.</strong></span> <span class='ocrx_word' id='word_1_4' title='bbox 900 138 1111 186; x_wconf 86' lang='lat' dir='ltr'>TVLLI</span> <span class='ocrx_word' id='word_1_5' title='bbox 1147 136 1529 187; x_wconf 88' lang='lat' dir='ltr'>CICERONIS</span> 
     </span>
    </p>
   </div>
   <div class='ocr_carea' id='block_1_2' title="bbox 227 272 2056 1394">
    <p class='ocr_par' dir='ltr' id='par_1_2' title="bbox 227 272 2056 1394">
     <span class='ocr_line' id='line_1_2' title="bbox 329 272 1980 341; baseline -0.001 -14"><span class='ocrx_word' id='word_1_6' title='bbox 329 285 490 327; x_wconf 89' lang='lat' dir='ltr'><strong>orator</strong></span> <span class='ocrx_word' id='word_1_7' title='bbox 516 285 563 327; x_wconf 92' lang='lat' dir='ltr'><strong>et</strong></span> <span class='ocrx_word' id='word_1_8' title='bbox 586 275 637 326; x_wconf 93' lang='lat' dir='ltr'><strong>in</strong></span> <span class='ocrx_word' id='word_1_9' title='bbox 661 292 761 341; x_wconf 91' lang='lat' dir='ltr'><strong>quo</strong></span> <span class='ocrx_word' id='word_1_10' title='bbox 793 275 1028 339; x_wconf 87' lang='lat' dir='ltr'><strong>adiungat</strong></span> <span class='ocrx_word' id='word_1_11' title='bbox 1059 282 1225 334; x_wconf 89' lang='lat' dir='ltr'><strong>artem,</strong></span> <span class='ocrx_word' id='word_1_12' title='bbox 1253 273 1305 324; x_wconf 93' lang='lat' dir='ltr'><strong>id</strong></span> <span class='ocrx_word' id='word_1_13' title='bbox 1334 291 1441 324; x_wconf 89' lang='lat' dir='ltr'><strong>esse</strong></span> <span class='ocrx_word' id='word_1_14' title='bbox 1474 272 1618 324; x_wconf 92' lang='lat' dir='ltr'><strong>nobis</strong></span> <span class='ocrx_word' id='word_1_15' title='bbox 1642 276 1980 340; x_wconf 86' lang='lat' dir='ltr'><strong>quaerendum</strong></span> 
     </span>
     <span class='ocr_line' id='line_1_3' title="bbox 238 354 1982 424; baseline -0.001 -16"><span class='ocrx_word' id='word_1_16' title='bbox 238 356 304 415; x_wconf 86' lang='lat'><strong>38</strong></span> <span class='ocrx_word' id='word_1_17' title='bbox 330 356 498 424; x_wconf 89' lang='lat' dir='ltr'><strong>[atque</strong></span> <span class='ocrx_word' id='word_1_18' title='bbox 545 355 912 424; x_wconf 86' lang='lat' dir='ltr'><strong>explicandum]</strong></span> <span class='ocrx_word' id='word_1_19' title='bbox 956 357 1159 407; x_wconf 89' lang='lat' dir='ltr'><strong>videtur.</strong></span> <span class='ocrx_word' id='word_1_20' title='bbox 1232 355 1350 405; x_wconf 86' lang='lat' dir='ltr'><strong>Tria</strong></span> <span class='ocrx_word' id='word_1_21' title='bbox 1393 364 1508 405; x_wconf 90' lang='lat' dir='ltr'><strong>sunt</strong></span> <span class='ocrx_word' id='word_1_22' title='bbox 1552 354 1697 420; x_wconf 88' lang='lat' dir='ltr'><strong>igitur</strong></span> <span class='ocrx_word' id='word_1_23' title='bbox 1732 356 1788 407; x_wconf 87' lang='lat' dir='ltr'><strong>in</strong></span> <span class='ocrx_word' id='word_1_24' title='bbox 1828 357 1982 407; x_wconf 87' lang='lat' dir='ltr'><strong>verbo</strong></span> 
     </span>
     <span class='ocr_line' id='line_1_4' title="bbox 328 437 1980 503; baseline -0.001 -16"><span class='ocrx_word' id='word_1_25' title='bbox 328 438 550 503; x_wconf 91' lang='lat' dir='ltr'><strong>simplici,</strong></span> <span class='ocrx_word' id='word_1_26' title='bbox 587 456 713 503; x_wconf 92' lang='lat' dir='ltr'><strong>quae</strong></span> <span class='ocrx_word' id='word_1_27' title='bbox 749 447 911 488; x_wconf 91' lang='lat' dir='ltr'><strong>orator</strong></span> <span class='ocrx_word' id='word_1_28' title='bbox 943 438 1134 488; x_wconf 89' lang='lat' dir='ltr'><strong>adferat</strong></span> <span class='ocrx_word' id='word_1_29' title='bbox 1166 438 1232 487; x_wconf 90' lang='lat' dir='ltr'><strong>ad</strong></span> <span class='ocrx_word' id='word_1_30' title='bbox 1267 437 1623 487; x_wconf 83' lang='lat' dir='ltr'><strong>inlustrandam</strong></span> <span class='ocrx_word' id='word_1_31' title='bbox 1662 445 1813 502; x_wconf 88' lang='lat' dir='ltr'><strong>atque</strong></span> <span class='ocrx_word' id='word_1_32' title='bbox 1849 454 1980 488; x_wconf 85' lang='lat' dir='ltr'><strong>exor-</strong></span> 
     </span>
     <span class='ocr_line' id='line_1_5' title="bbox 326 517 1980 569; baseline -0.001 -2"><span class='ocrx_word' id='word_1_33' title='bbox 326 521 544 569; x_wconf 91' lang='lat' dir='ltr'><strong>nandam</strong></span> <span class='ocrx_word' id='word_1_34' title='bbox 585 519 886 569; x_wconf 90' lang='lat' dir='ltr'><strong>orationem:</strong></span> <span class='ocrx_word' id='word_1_35' title='bbox 936 527 1022 568; x_wconf 91' lang='lat' dir='ltr'><strong>aut</strong></span> <span class='ocrx_word' id='word_1_36' title='bbox 1058 517 1344 568; x_wconf 86' lang='lat' dir='ltr'><strong>inusitatum</strong></span> <span class='ocrx_word' id='word_1_37' title='bbox 1379 519 1584 568; x_wconf 88' lang='lat' dir='ltr'><strong>verbum</strong></span> <span class='ocrx_word' id='word_1_38' title='bbox 1624 526 1710 567; x_wconf 90' lang='lat' dir='ltr'><strong>aut</strong></span> <span class='ocrx_word' id='word_1_39' title='bbox 1743 526 1980 568; x_wconf 87' lang='lat' dir='ltr'><strong>novatum</strong></span> 
     </span>
     <span class='ocr_line' id='line_1_6' title="bbox 227 599 2027 664; baseline -0.001 -15"><span class='ocrx_word' id='word_1_40' title='bbox 227 603 304 655; x_wconf 83' lang='lat'><strong>153</strong></span> <span class='ocrx_word' id='word_1_41' title='bbox 325 609 410 648; x_wconf 91' lang='lat' dir='ltr'><strong>aut</strong></span> <span class='ocrx_word' id='word_1_42' title='bbox 444 601 742 649; x_wconf 89' lang='lat' dir='ltr'><strong>translatum.</strong></span> <span class='ocrx_word' id='word_1_43' title='bbox 818 600 1060 649; x_wconf 86' lang='lat' dir='ltr'><strong>Inusitata</strong></span> <span class='ocrx_word' id='word_1_44' title='bbox 1092 608 1207 649; x_wconf 90' lang='lat' dir='ltr'><strong>sunt</strong></span> <span class='ocrx_word' id='word_1_45' title='bbox 1236 599 1397 664; x_wconf 89' lang='lat' dir='ltr'><strong>prisca</strong></span> <span class='ocrx_word' id='word_1_46' title='bbox 1428 601 1528 649; x_wconf 89' lang='lat' dir='ltr'><strong>fere</strong></span> <span class='ocrx_word' id='word_1_47' title='bbox 1557 616 1616 648; x_wconf 91' lang='lat' dir='ltr'><strong>ac</strong></span> <span class='ocrx_word' id='word_1_48' title='bbox 1640 606 1882 649; x_wconf 89' lang='lat' dir='ltr'><strong>vetustate</strong></span> <span class='ocrx_word' id='word_1_49' title='bbox 1913 599 1980 649; x_wconf 89' lang='lat' dir='ltr'><strong>ab</strong></span> <span class='ocrx_word' id='word_1_50' title='bbox 2002 612 2027 654; x_wconf 83' lang='lat'><strong>5</strong></span> 
     </span>
     <span class='ocr_line' id='line_1_7' title="bbox 326 680 1982 746; baseline -0.001 -16"><span class='ocrx_word' id='word_1_51' title='bbox 326 698 418 730; x_wconf 89' lang='lat' dir='ltr'><strong>usu</strong></span> <span class='ocrx_word' id='word_1_52' title='bbox 443 681 678 731; x_wconf 89' lang='lat' dir='ltr'><strong>cotidiani</strong></span> <span class='ocrx_word' id='word_1_53' title='bbox 711 682 950 732; x_wconf 88' lang='lat' dir='ltr'><strong>sermonis</strong></span> <span class='ocrx_word' id='word_1_54' title='bbox 984 681 1083 731; x_wconf 91' lang='lat' dir='ltr'><strong>iam</strong></span> <span class='ocrx_word' id='word_1_55' title='bbox 1107 681 1192 730; x_wconf 94' lang='lat' dir='ltr'><strong>diu</strong></span> <span class='ocrx_word' id='word_1_56' title='bbox 1223 680 1513 742; x_wconf 89' lang='lat' dir='ltr'><strong>intermissa,</strong></span> <span class='ocrx_word' id='word_1_57' title='bbox 1541 697 1669 745; x_wconf 92' lang='lat' dir='ltr'><strong>quae</strong></span> <span class='ocrx_word' id='word_1_58' title='bbox 1700 688 1815 730; x_wconf 87' lang='lat' dir='ltr'><strong>sunt</strong></span> <span class='ocrx_word' id='word_1_59' title='bbox 1845 688 1982 746; x_wconf 87' lang='lat' dir='ltr'><strong>poet·</strong></span> 
     </span>
     <span class='ocr_line' id='line_1_8' title="bbox 324 763 1981 834; baseline 0.001 -22"><span class='ocrx_word' id='word_1_60' title='bbox 324 781 462 813; x_wconf 90' lang='lat' dir='ltr'><strong>arum</strong></span> <span class='ocrx_word' id='word_1_61' title='bbox 510 763 737 815; x_wconf 85' lang='lat' dir='ltr'><strong>licentiae</strong></span> <span class='ocrx_word' id='word_1_62' title='bbox 783 764 1011 814; x_wconf 84' lang='lat' dir='ltr'><strong>liberiora</strong></span> <span class='ocrx_word' id='word_1_63' title='bbox 1049 781 1199 829; x_wconf 88' lang='lat' dir='ltr'><strong>quam</strong></span> <span class='ocrx_word' id='word_1_64' title='bbox 1246 774 1442 815; x_wconf 88' lang='lat' dir='ltr'><strong>nostrae</strong></span> <span class='ocrx_word' id='word_1_65' title='bbox 1458 783 1472 826; x_wconf 78' lang='lat'><em>3</em></span> <span class='ocrx_word' id='word_1_66' title='bbox 1524 765 1614 815; x_wconf 90' lang='lat' dir='ltr'><strong>sed</strong></span> <span class='ocrx_word' id='word_1_67' title='bbox 1659 772 1828 834; x_wconf 82' lang='lat' dir='ltr'><strong>tamen</strong></span> <span class='ocrx_word' id='word_1_68' title='bbox 1873 779 1981 814; x_wconf 85' lang='lat' dir='ltr'><strong>raro</strong></span> 
     </span>
     <span class='ocr_line' id='line_1_9' title="bbox 325 844 1977 911; baseline 0.001 -18"><span class='ocrx_word' id='word_1_69' title='bbox 325 845 475 894; x_wconf 90' lang='lat' dir='ltr'><strong>habet</strong></span> <span class='ocrx_word' id='word_1_70' title='bbox 494 845 642 895; x_wconf 91' lang='lat' dir='ltr'><strong>etiam</strong></span> <span class='ocrx_word' id='word_1_71' title='bbox 661 845 712 894; x_wconf 93' lang='lat' dir='ltr'><strong>in</strong></span> <span class='ocrx_word' id='word_1_72' title='bbox 732 845 953 896; x_wconf 89' lang='lat' dir='ltr'><strong>oratione</strong></span> <span class='ocrx_word' id='word_1_73' title='bbox 971 846 1222 911; x_wconf 90' lang='lat' dir='ltr'><strong>poeticum</strong></span> <span class='ocrx_word' id='word_1_74' title='bbox 1237 845 1439 911; x_wconf 86' lang='lat' dir='ltr'><strong>aliquod</strong></span> <span class='ocrx_word' id='word_1_75' title='bbox 1454 847 1658 897; x_wconf 92' lang='lat' dir='ltr'><strong>verbum</strong></span> <span class='ocrx_word' id='word_1_76' title='bbox 1674 844 1977 911; x_wconf 89' lang='lat' dir='ltr'><strong>dignitatem.</strong></span> 
     </span>
     <span class='ocr_line' id='line_1_10' title="bbox 325 926 1981 992; baseline 0 -17"><span class='ocrx_word' id='word_1_77' title='bbox 325 927 503 990; x_wconf 91' lang='lat' dir='ltr'><strong>Neque</strong></span> <span class='ocrx_word' id='word_1_78' title='bbox 527 926 660 975; x_wconf 91' lang='lat' dir='ltr'><strong>enim</strong></span> <span class='ocrx_word' id='word_1_79' title='bbox 685 926 807 976; x_wconf 89' lang='lat' dir='ltr'><strong>illud</strong></span> <span class='ocrx_word' id='word_1_80' title='bbox 831 926 1037 991; x_wconf 89' lang='lat' dir='ltr'><strong>fugerim</strong></span> <span class='ocrx_word' id='word_1_81' title='bbox 1054 927 1231 988; x_wconf 87' lang='lat' dir='ltr'><strong>dicere,</strong></span> <span class='ocrx_word' id='word_1_82' title='bbox 1252 937 1306 976; x_wconf 91' lang='lat' dir='ltr'><strong>ut</strong></span> <span class='ocrx_word' id='word_1_83' title='bbox 1326 927 1522 979; x_wconf 89' lang='lat' dir='ltr'><strong>Caelius</strong></span> <span class='ocrx_word' id='word_1_84' title='bbox 1541 932 1552 954; x_wconf 95' lang='lat'>‘</span> <span class='ocrx_word' id='word_1_85' title='bbox 1568 944 1667 992; x_wconf 92' lang='lat' dir='ltr'><strong>qua</strong></span> <span class='ocrx_word' id='word_1_86' title='bbox 1689 934 1981 992; x_wconf 87' lang='lat' dir='ltr'><strong>tempestate</strong></span> 
     </span>
     <span class='ocr_line' id='line_1_11' title="bbox 326 1006 2056 1072; baseline 0.001 -17"><span class='ocrx_word' id='word_1_87' title='bbox 326 1009 522 1056; x_wconf 91' lang='lat' dir='ltr'><strong>Poenus</strong></span> <span class='ocrx_word' id='word_1_88' title='bbox 555 1006 606 1055; x_wconf 92' lang='lat' dir='ltr'><strong>in</strong></span> <span class='ocrx_word' id='word_1_89' title='bbox 641 1007 836 1056; x_wconf 90' lang='lat' dir='ltr'><strong>Italiam</strong></span> <span class='ocrx_word' id='word_1_90' title='bbox 867 1007 1033 1069; x_wconf 84' lang='lat' dir='ltr'><strong>venit‚&#39;</strong></span> <span class='ocrx_word' id='word_1_91' title='bbox 1061 1025 1156 1058; x_wconf 91' lang='lat' dir='ltr'><strong>nec</strong></span> <span class='ocrx_word' id='word_1_92' title='bbox 1192 1010 1431 1072; x_wconf 88' lang='lat' dir='ltr'><strong>‘prolem&#39;</strong></span> <span class='ocrx_word' id='word_1_93' title='bbox 1461 1017 1547 1058; x_wconf 91' lang='lat' dir='ltr'><strong>aut</strong></span> <span class='ocrx_word' id='word_1_94' title='bbox 1584 1008 1864 1061; x_wconf 89' lang='lat' dir='ltr'><strong>‘subolem’</strong></span> <span class='ocrx_word' id='word_1_95' title='bbox 1893 1015 1981 1057; x_wconf 88' lang='lat' dir='ltr'><strong>aut</strong></span> <span class='ocrx_word' id='word_1_96' title='bbox 2005 1022 2056 1053; x_wconf 89' lang='lat'><strong>10</strong></span> 
     </span>
     <span class='ocr_line' id='line_1_12' title="bbox 329 1086 1981 1153; baseline 0.001 -19"><span class='ocrx_word' id='word_1_97' title='bbox 329 1086 514 1135; x_wconf 90' lang='lat' dir='ltr'><strong>‘effari&#39;</strong></span> <span class='ocrx_word' id='word_1_98' title='bbox 562 1096 646 1136; x_wconf 92' lang='lat' dir='ltr'><strong>aut</strong></span> <span class='ocrx_word' id='word_1_99' title='bbox 697 1090 1036 1153; x_wconf 90' lang='lat' dir='ltr'><strong>‘nuncupare&#39;</strong></span> <span class='ocrx_word' id='word_1_100' title='bbox 1079 1097 1179 1150; x_wconf 88' lang='lat' dir='ltr'><strong>aut,</strong></span> <span class='ocrx_word' id='word_1_101' title='bbox 1227 1098 1282 1138; x_wconf 93' lang='lat' dir='ltr'><strong>ut</strong></span> <span class='ocrx_word' id='word_1_102' title='bbox 1328 1098 1381 1137; x_wconf 93' lang='lat' dir='ltr'><strong>tu</strong></span> <span class='ocrx_word' id='word_1_103' title='bbox 1429 1091 1573 1149; x_wconf 86' lang='lat' dir='ltr'><strong>soles,</strong></span> <span class='ocrx_word' id='word_1_104' title='bbox 1615 1089 1804 1148; x_wconf 85' lang='lat' dir='ltr'><strong>Catule,</strong></span> <span class='ocrx_word' id='word_1_105' title='bbox 1852 1091 1981 1137; x_wconf 89' lang='lat' dir='ltr'><strong>‘non</strong></span> 
     </span>
     <span class='ocr_line' id='line_1_13' title="bbox 326 1166 1984 1232; baseline 0.001 -17"><span class='ocrx_word' id='word_1_106' title='bbox 326 1168 494 1216; x_wconf 88' lang='lat' dir='ltr'><strong>rebar&#39;</strong></span> <span class='ocrx_word' id='word_1_107' title='bbox 519 1176 603 1216; x_wconf 91' lang='lat' dir='ltr'><strong>aut</strong></span> <span class='ocrx_word' id='word_1_108' title='bbox 638 1171 650 1194; x_wconf 90' lang='lat'>‘</span> <span class='ocrx_word' id='word_1_109' title='bbox 665 1167 930 1232; x_wconf 81' lang='lat' dir='ltr'><strong>opinabar’</strong></span> <span class='ocrx_word' id='word_1_110' title='bbox 944 1186 959 1230; x_wconf 87' lang='lat'>3</span> <span class='ocrx_word' id='word_1_111' title='bbox 1007 1177 1092 1218; x_wconf 89' lang='lat' dir='ltr'><strong>aut</strong></span> <span class='ocrx_word' id='word_1_112' title='bbox 1124 1169 1220 1219; x_wconf 89' lang='lat' dir='ltr'><strong>alia</strong></span> <span class='ocrx_word' id='word_1_113' title='bbox 1252 1171 1418 1229; x_wconf 88' lang='lat' dir='ltr'><strong>multa,</strong></span> <span class='ocrx_word' id='word_1_114' title='bbox 1446 1168 1627 1232; x_wconf 89' lang='lat' dir='ltr'><strong>quibus</strong></span> <span class='ocrx_word' id='word_1_115' title='bbox 1661 1169 1775 1218; x_wconf 91' lang='lat' dir='ltr'><strong>loco</strong></span> <span class='ocrx_word' id='word_1_116' title='bbox 1807 1166 1984 1232; x_wconf 90' lang='lat' dir='ltr'><strong>positis</strong></span> 
     </span>
     <span class='ocr_line' id='line_1_14' title="bbox 227 1247 2009 1315; baseline 0.003 -20"><span class='ocrx_word' id='word_1_117' title='bbox 227 1268 242 1296; x_wconf 73' lang='grc' dir='ltr'><strong><em>ι</em></strong></span> <span class='ocrx_word' id='word_1_118' title='bbox 251 1268 304 1310; x_wconf 87' lang='lat'><strong>54</strong></span> <span class='ocrx_word' id='word_1_119' title='bbox 326 1247 555 1311; x_wconf 83' lang='lat' dir='ltr'><strong>grandior</strong></span> <span class='ocrx_word' id='word_1_120' title='bbox 578 1257 727 1312; x_wconf 89' lang='lat' dir='ltr'><strong>atque</strong></span> <span class='ocrx_word' id='word_1_121' title='bbox 759 1247 1008 1313; x_wconf 89' lang='lat' dir='ltr'><strong>antiquior</strong></span> <span class='ocrx_word' id='word_1_122' title='bbox 1028 1247 1187 1300; x_wconf 90' lang='lat' dir='ltr'><strong>oratio</strong></span> <span class='ocrx_word' id='word_1_123' title='bbox 1217 1265 1364 1315; x_wconf 90' lang='lat' dir='ltr'><strong>saepe</strong></span> <span class='ocrx_word' id='word_1_124' title='bbox 1387 1248 1542 1299; x_wconf 91' lang='lat' dir='ltr'><strong>videri</strong></span> <span class='ocrx_word' id='word_1_125' title='bbox 1573 1249 1711 1298; x_wconf 87' lang='lat' dir='ltr'><strong>solet.</strong></span> <span class='ocrx_word' id='word_1_126' title='bbox 1783 1249 1983 1300; x_wconf 84' lang='lat' dir='ltr'><strong>Novan-</strong></span> <span class='ocrx_word' id='word_1_127' title='bbox 2006 1296 2009 1300; x_wconf 89' lang='lat'>.</span> 
     </span>
     <span class='ocr_line' id='line_1_15' title="bbox 326 1327 1980 1394; baseline 0.002 -18"><span class='ocrx_word' id='word_1_128' title='bbox 326 1336 403 1376; x_wconf 88' lang='lat' dir='ltr'><strong>tur</strong></span> <span class='ocrx_word' id='word_1_129' title='bbox 436 1337 603 1378; x_wconf 91' lang='lat' dir='ltr'><strong>autem</strong></span> <span class='ocrx_word' id='word_1_130' title='bbox 639 1328 801 1389; x_wconf 90' lang='lat' dir='ltr'><strong>verba,</strong></span> <span class='ocrx_word' id='word_1_131' title='bbox 829 1345 958 1394; x_wconf 92' lang='lat' dir='ltr'><strong>quae</strong></span> <span class='ocrx_word' id='word_1_132' title='bbox 990 1330 1056 1380; x_wconf 90' lang='lat' dir='ltr'><strong>ab</strong></span> <span class='ocrx_word' id='word_1_133' title='bbox 1090 1348 1165 1390; x_wconf 87' lang='lat' dir='ltr'><strong>eo,</strong></span> <span class='ocrx_word' id='word_1_134' title='bbox 1191 1331 1277 1393; x_wconf 89' lang='lat' dir='ltr'><strong>qui</strong></span> <span class='ocrx_word' id='word_1_135' title='bbox 1311 1329 1443 1390; x_wconf 87' lang='lat' dir='ltr'><strong>dicit,</strong></span> <span class='ocrx_word' id='word_1_136' title='bbox 1479 1328 1589 1394; x_wconf 90' lang='lat' dir='ltr'><strong>ipso</strong></span> <span class='ocrx_word' id='word_1_137' title='bbox 1622 1327 1888 1393; x_wconf 87' lang='lat' dir='ltr'><strong>gignuntur</strong></span> <span class='ocrx_word' id='word_1_138' title='bbox 1918 1345 1980 1382; x_wconf 84' lang='lat' dir='ltr'><strong>ac</strong></span> 
     </span>
    </p>
   </div>
   <div class='ocr_carea' id='block_1_3' title="bbox 324 1407 2054 1636">
    <p class='ocr_par' dir='ltr' id='par_1_3' title="bbox 324 1407 2054 1636">
     <span class='ocr_line' id='line_1_16' title="bbox 324 1407 2054 1474; baseline 0 -17"><span class='ocrx_word' id='word_1_139' title='bbox 324 1410 462 1468; x_wconf 91' lang='lat' dir='ltr'><strong>fiunt,</strong></span> <span class='ocrx_word' id='word_1_140' title='bbox 490 1411 566 1458; x_wconf 94' lang='lat' dir='ltr'><strong>vel</strong></span> <span class='ocrx_word' id='word_1_141' title='bbox 591 1408 950 1474; x_wconf 89' lang='lat' dir='ltr'><strong>coniungendis</strong></span> <span class='ocrx_word' id='word_1_142' title='bbox 973 1407 1150 1468; x_wconf 83' lang='lat' dir='ltr'><strong>verbiS,</strong></span> <span class='ocrx_word' id='word_1_143' title='bbox 1169 1418 1225 1458; x_wconf 89' lang='lat' dir='ltr'><strong>ut</strong></span> <span class='ocrx_word' id='word_1_144' title='bbox 1247 1409 1402 1460; x_wconf 91' lang='lat' dir='ltr'><strong>haec:</strong></span> <span class='ocrx_word' id='word_1_145' title='bbox 2003 1426 2054 1470; x_wconf 79' lang='lat'><strong>15</strong></span> 
     </span>
     <span class='ocr_line' id='line_1_17' title="bbox 391 1484 1928 1558; baseline 0.001 -19"><span class='ocrx_word' id='word_1_146' title='bbox 391 1498 496 1539; x_wconf 92' lang='lat' dir='ltr'><strong>tum</strong></span> <span class='ocrx_word' id='word_1_147' title='bbox 525 1507 676 1554; x_wconf 85' lang='lat' dir='ltr'><strong>pavor</strong></span> <span class='ocrx_word' id='word_1_148' title='bbox 701 1489 991 1554; x_wconf 87' lang='lat' dir='ltr'><strong>sapientiam</strong></span> <span class='ocrx_word' id='word_1_149' title='bbox 1015 1505 1218 1540; x_wconf 90' lang='lat' dir='ltr'><strong>omnem</strong></span> <span class='ocrx_word' id='word_1_150' title='bbox 1240 1489 1310 1540; x_wconf 90' lang='lat' dir='ltr'><strong>mi</strong></span> <span class='ocrx_word' id='word_1_151' title='bbox 1332 1484 1611 1541; x_wconf 86' lang='lat' dir='ltr'><strong>exanimato</strong></span> <span class='ocrx_word' id='word_1_152' title='bbox 1633 1488 1928 1558; x_wconf 80' lang='lat' dir='ltr'><strong>expectorat.</strong></span> 
     </span>
     <span class='ocr_line' id='line_1_18' title="bbox 391 1569 1775 1636; baseline 0.001 -17"><span class='ocrx_word' id='word_1_153' title='bbox 391 1587 513 1619; x_wconf 90' lang='lat' dir='ltr'><strong>num</strong></span> <span class='ocrx_word' id='word_1_154' title='bbox 534 1587 640 1620; x_wconf 89' lang='lat' dir='ltr'><strong>non</strong></span> <span class='ocrx_word' id='word_1_155' title='bbox 664 1570 736 1620; x_wconf 89' lang='lat' dir='ltr'><strong>vis</strong></span> <span class='ocrx_word' id='word_1_156' title='bbox 761 1569 907 1620; x_wconf 90' lang='lat' dir='ltr'><strong>huius</strong></span> <span class='ocrx_word' id='word_1_157' title='bbox 931 1586 1014 1621; x_wconf 92' lang='lat' dir='ltr'><strong>me</strong></span> <span class='ocrx_word' id='word_1_158' title='bbox 1035 1569 1392 1636; x_wconf 87' lang='lat' dir='ltr'><strong>versutiloquas</strong></span> <span class='ocrx_word' id='word_1_159' title='bbox 1415 1571 1627 1622; x_wconf 85' lang='lat' dir='ltr'><strong>malitias</strong></span> <span class='ocrx_word' id='word_1_160' title='bbox 1663 1610 1674 1622; x_wconf 93' lang='lat'><strong>.</strong></span> <span class='ocrx_word' id='word_1_161' title='bbox 1713 1610 1724 1623; x_wconf 91' lang='lat'><strong><em>.</em></strong></span> <span class='ocrx_word' id='word_1_162' title='bbox 1763 1610 1775 1621; x_wconf 91' lang='lat'><em>.</em></span> 
     </span>
    </p>
   </div>
   <div class='ocr_carea' id='block_1_4' title="bbox 225 1649 2055 2439">
    <p class='ocr_par' dir='ltr' id='par_1_4' title="bbox 225 1649 2055 2439">
     <span class='ocr_line' id='line_1_19' title="bbox 324 1649 1980 1716; baseline 0.002 -17"><span class='ocrx_word' id='word_1_163' title='bbox 324 1649 500 1700; x_wconf 89' lang='lat' dir='ltr'><strong>videtis</strong></span> <span class='ocrx_word' id='word_1_164' title='bbox 537 1650 669 1700; x_wconf 91' lang='lat' dir='ltr'><strong>enim</strong></span> <span class='ocrx_word' id='word_1_165' title='bbox 706 1658 756 1701; x_wconf 93' lang='lat' dir='ltr'><strong>et</strong></span> <span class='ocrx_word' id='word_1_166' title='bbox 791 1650 1199 1716; x_wconf 88' lang='lat' dir='ltr'><strong>‘versutiloquas’</strong></span> <span class='ocrx_word' id='word_1_167' title='bbox 1231 1659 1281 1701; x_wconf 91' lang='lat' dir='ltr'><strong>et</strong></span> <span class='ocrx_word' id='word_1_168' title='bbox 1314 1654 1647 1716; x_wconf 87' lang='lat' dir='ltr'><strong>‘expectorat’</strong></span> <span class='ocrx_word' id='word_1_169' title='bbox 1684 1669 1744 1703; x_wconf 87' lang='lat' dir='ltr'><strong>ex</strong></span> <span class='ocrx_word' id='word_1_170' title='bbox 1777 1651 1980 1703; x_wconf 86' lang='lat' dir='ltr'><strong>coniun-</strong></span> 
     </span>
     <span class='ocr_line' id='line_1_20' title="bbox 325 1731 1979 1798; baseline 0.002 -19"><span class='ocrx_word' id='word_1_171' title='bbox 325 1731 489 1781; x_wconf 89' lang='lat' dir='ltr'><strong>ctione</strong></span> <span class='ocrx_word' id='word_1_172' title='bbox 518 1733 648 1780; x_wconf 89' lang='lat' dir='ltr'><strong>facta</strong></span> <span class='ocrx_word' id='word_1_173' title='bbox 678 1748 786 1782; x_wconf 90' lang='lat' dir='ltr'><strong>esse</strong></span> <span class='ocrx_word' id='word_1_174' title='bbox 817 1733 979 1792; x_wconf 91' lang='lat' dir='ltr'><strong>verba,</strong></span> <span class='ocrx_word' id='word_1_175' title='bbox 1006 1748 1109 1782; x_wconf 91' lang='lat' dir='ltr'><strong>non</strong></span> <span class='ocrx_word' id='word_1_176' title='bbox 1135 1741 1252 1782; x_wconf 91' lang='lat' dir='ltr'><strong>nata</strong></span> <span class='ocrx_word' id='word_1_177' title='bbox 1265 1750 1281 1796; x_wconf 82' lang='lat'>3</span> <span class='ocrx_word' id='word_1_178' title='bbox 1320 1734 1411 1784; x_wconf 89' lang='lat' dir='ltr'><strong>sed</strong></span> <span class='ocrx_word' id='word_1_179' title='bbox 1445 1748 1592 1798; x_wconf 88' lang='lat' dir='ltr'><strong>saepe</strong></span> <span class='ocrx_word' id='word_1_180' title='bbox 1623 1735 1700 1784; x_wconf 88' lang='lat' dir='ltr'><strong>vel</strong></span> <span class='ocrx_word' id='word_1_181' title='bbox 1735 1732 1842 1784; x_wconf 89' lang='lat' dir='ltr'><strong>sine</strong></span> <span class='ocrx_word' id='word_1_182' title='bbox 1864 1750 1979 1784; x_wconf 91' lang='lat' dir='ltr'><strong>con-</strong></span> 
     </span>
     <span class='ocr_line' id='line_1_21' title="bbox 326 1810 2055 1876; baseline 0.001 -17"><span class='ocrx_word' id='word_1_183' title='bbox 326 1810 579 1861; x_wconf 92' lang='lat' dir='ltr'><strong>iunctione</strong></span> <span class='ocrx_word' id='word_1_184' title='bbox 614 1813 764 1862; x_wconf 90' lang='lat' dir='ltr'><strong>verba</strong></span> <span class='ocrx_word' id='word_1_185' title='bbox 797 1821 1042 1862; x_wconf 87' lang='lat' dir='ltr'><strong>novantur</strong></span> <span class='ocrx_word' id='word_1_186' title='bbox 1074 1821 1130 1862; x_wconf 94' lang='lat' dir='ltr'><strong>ut</strong></span> <span class='ocrx_word' id='word_1_187' title='bbox 1174 1812 1285 1863; x_wconf 90' lang='lat' dir='ltr'><strong>‘ille</strong></span> <span class='ocrx_word' id='word_1_188' title='bbox 1318 1812 1483 1863; x_wconf 89' lang='lat' dir='ltr'><strong>senius</strong></span> <span class='ocrx_word' id='word_1_189' title='bbox 1521 1815 1771 1876; x_wconf 85' lang='lat' dir='ltr'><strong>desertus‚’</strong></span> <span class='ocrx_word' id='word_1_190' title='bbox 1806 1822 1862 1863; x_wconf 93' lang='lat' dir='ltr'><strong>ut</strong></span> <span class='ocrx_word' id='word_1_191' title='bbox 1898 1812 1979 1864; x_wconf 89' lang='lat' dir='ltr'><strong>‘di</strong></span> <span class='ocrx_word' id='word_1_192' title='bbox 2001 1829 2055 1861; x_wconf 65' lang='grc' dir='ltr'><strong>ιο</strong></span> 
     </span>
     <span class='ocr_line' id='line_1_22' title="bbox 225 1891 1977 1955; baseline 0 -13"><span class='ocrx_word' id='word_1_193' title='bbox 225 1911 303 1955; x_wconf 85' lang='lat'><strong>155</strong></span> <span class='ocrx_word' id='word_1_194' title='bbox 326 1891 593 1954; x_wconf 79' lang='lat' dir='ltr'><strong>genitales,&#39;</strong></span> <span class='ocrx_word' id='word_1_195' title='bbox 617 1901 672 1940; x_wconf 91' lang='lat' dir='ltr'><strong>ut</strong></span> <span class='ocrx_word' id='word_1_196' title='bbox 698 1893 958 1942; x_wconf 90' lang='lat' dir='ltr'><strong>‘bacarum</strong></span> <span class='ocrx_word' id='word_1_197' title='bbox 982 1893 1205 1942; x_wconf 90' lang='lat' dir='ltr'><strong>ubertate</strong></span> <span class='ocrx_word' id='word_1_198' title='bbox 1236 1893 1602 1943; x_wconf 87' lang='lat' dir='ltr'><strong>incurvescere.&#39;</strong></span> <span class='ocrx_word' id='word_1_199' title='bbox 1669 1892 1864 1944; x_wconf 89' lang='lat' dir='ltr'><strong>Tertius</strong></span> <span class='ocrx_word' id='word_1_200' title='bbox 1895 1893 1977 1943; x_wconf 90' lang='lat' dir='ltr'><strong>ille</strong></span> 
     </span>
     <span class='ocr_line' id='line_1_23' title="bbox 327 1971 1976 2038; baseline 0.002 -19"><span class='ocrx_word' id='word_1_201' title='bbox 327 1973 505 2020; x_wconf 88' lang='lat' dir='ltr'><strong>modus</strong></span> <span class='ocrx_word' id='word_1_202' title='bbox 531 1972 854 2022; x_wconf 89' lang='lat' dir='ltr'><strong>transferendi</strong></span> <span class='ocrx_word' id='word_1_203' title='bbox 876 1971 1013 2022; x_wconf 88' lang='lat' dir='ltr'><strong>verbi</strong></span> <span class='ocrx_word' id='word_1_204' title='bbox 1035 1974 1133 2023; x_wconf 91' lang='lat' dir='ltr'><strong>late</strong></span> <span class='ocrx_word' id='word_1_205' title='bbox 1156 1981 1305 2037; x_wconf 77' lang='lat' dir='ltr'><strong>patet,</strong></span> <span class='ocrx_word' id='word_1_206' title='bbox 1331 1990 1480 2037; x_wconf 92' lang='lat' dir='ltr'><strong>quem</strong></span> <span class='ocrx_word' id='word_1_207' title='bbox 1512 1973 1776 2024; x_wconf 88' lang='lat' dir='ltr'><strong>necessitas</strong></span> <span class='ocrx_word' id='word_1_208' title='bbox 1807 1973 1976 2038; x_wconf 89' lang='lat' dir='ltr'><strong>genuit</strong></span> 
     </span>
     <span class='ocr_line' id='line_1_24' title="bbox 325 2050 1976 2116; baseline 0.003 -17"><span class='ocrx_word' id='word_1_209' title='bbox 325 2050 492 2114; x_wconf 89' lang='lat' dir='ltr'><strong>inopia</strong></span> <span class='ocrx_word' id='word_1_210' title='bbox 516 2060 687 2101; x_wconf 89' lang='lat' dir='ltr'><strong>coacta</strong></span> <span class='ocrx_word' id='word_1_211' title='bbox 711 2061 761 2101; x_wconf 90' lang='lat' dir='ltr'><strong>et</strong></span> <span class='ocrx_word' id='word_1_212' title='bbox 782 2051 1031 2116; x_wconf 90' lang='lat' dir='ltr'><strong>angustiis,</strong></span> <span class='ocrx_word' id='word_1_213' title='bbox 1063 2061 1173 2116; x_wconf 90' lang='lat' dir='ltr'><strong>post</strong></span> <span class='ocrx_word' id='word_1_214' title='bbox 1197 2061 1362 2102; x_wconf 90' lang='lat' dir='ltr'><strong>autem</strong></span> <span class='ocrx_word' id='word_1_215' title='bbox 1393 2053 1674 2104; x_wconf 90' lang='lat' dir='ltr'><strong>iucunditas</strong></span> <span class='ocrx_word' id='word_1_216' title='bbox 1695 2053 1976 2104; x_wconf 89' lang='lat' dir='ltr'><strong>delectatio-</strong></span> 
     </span>
     <span class='ocr_line' id='line_1_25' title="bbox 324 2131 1974 2199; baseline 0.003 -20"><span class='ocrx_word' id='word_1_217' title='bbox 324 2147 422 2194; x_wconf 92' lang='lat' dir='ltr'><strong>que</strong></span> <span class='ocrx_word' id='word_1_218' title='bbox 468 2132 742 2182; x_wconf 88' lang='lat' dir='ltr'><strong>celebravit.</strong></span> <span class='ocrx_word' id='word_1_219' title='bbox 817 2134 949 2183; x_wconf 90' lang='lat' dir='ltr'><strong>Nam</strong></span> <span class='ocrx_word' id='word_1_220' title='bbox 988 2142 1045 2183; x_wconf 89' lang='lat' dir='ltr'><strong>ut</strong></span> <span class='ocrx_word' id='word_1_221' title='bbox 1085 2135 1231 2184; x_wconf 87' lang='lat' dir='ltr'><strong>vestis</strong></span> <span class='ocrx_word' id='word_1_222' title='bbox 1266 2131 1453 2198; x_wconf 87' lang='lat' dir='ltr'><strong>frigoris</strong></span> <span class='ocrx_word' id='word_1_223' title='bbox 1497 2133 1782 2199; x_wconf 89' lang='lat' dir='ltr'><strong>depellendi</strong></span> <span class='ocrx_word' id='word_1_224' title='bbox 1826 2151 1974 2184; x_wconf 90' lang='lat' dir='ltr'><strong>causa</strong></span> 
     </span>
     <span class='ocr_line' id='line_1_26' title="bbox 322 2211 2047 2278; baseline 0 -18"><span class='ocrx_word' id='word_1_225' title='bbox 322 2219 512 2274; x_wconf 92' lang='lat' dir='ltr'><strong>reperta</strong></span> <span class='ocrx_word' id='word_1_226' title='bbox 546 2211 719 2276; x_wconf 92' lang='lat' dir='ltr'><strong>primo,</strong></span> <span class='ocrx_word' id='word_1_227' title='bbox 744 2221 858 2276; x_wconf 91' lang='lat' dir='ltr'><strong>post</strong></span> <span class='ocrx_word' id='word_1_228' title='bbox 890 2211 1114 2262; x_wconf 90' lang='lat' dir='ltr'><strong>adhiberi</strong></span> <span class='ocrx_word' id='word_1_229' title='bbox 1150 2221 1327 2278; x_wconf 92' lang='lat' dir='ltr'><strong>coepta</strong></span> <span class='ocrx_word' id='word_1_230' title='bbox 1357 2223 1433 2263; x_wconf 88' lang='lat' dir='ltr'><strong>est</strong></span> <span class='ocrx_word' id='word_1_231' title='bbox 1465 2216 1531 2264; x_wconf 93' lang='lat' dir='ltr'><strong>ad</strong></span> <span class='ocrx_word' id='word_1_232' title='bbox 1563 2223 1789 2264; x_wconf 87' lang='lat' dir='ltr'><strong>ornatum</strong></span> <span class='ocrx_word' id='word_1_233' title='bbox 1824 2214 1971 2264; x_wconf 87' lang='lat' dir='ltr'><strong>etiam</strong></span> <span class='ocrx_word' id='word_1_234' title='bbox 1996 2230 2047 2272; x_wconf 82' lang='lat'><strong>²5</strong></span> 
     </span>
     <span class='ocr_line' id='line_1_27' title="bbox 321 2291 1973 2357; baseline 0.001 -16"><span class='ocrx_word' id='word_1_235' title='bbox 321 2292 538 2356; x_wconf 91' lang='lat' dir='ltr'><strong>corporis</strong></span> <span class='ocrx_word' id='word_1_236' title='bbox 586 2301 635 2342; x_wconf 94' lang='lat' dir='ltr'><strong>et</strong></span> <span class='ocrx_word' id='word_1_237' title='bbox 681 2292 984 2357; x_wconf 80' lang='lat' dir='ltr'><strong>dignitatem,</strong></span> <span class='ocrx_word' id='word_1_238' title='bbox 1034 2292 1106 2342; x_wconf 90' lang='lat' dir='ltr'><strong>sic</strong></span> <span class='ocrx_word' id='word_1_239' title='bbox 1148 2291 1286 2343; x_wconf 90' lang='lat' dir='ltr'><strong>verbi</strong></span> <span class='ocrx_word' id='word_1_240' title='bbox 1330 2293 1581 2344; x_wconf 89' lang='lat' dir='ltr'><strong>translatio</strong></span> <span class='ocrx_word' id='word_1_241' title='bbox 1634 2293 1855 2344; x_wconf 88' lang='lat' dir='ltr'><strong>instituta</strong></span> <span class='ocrx_word' id='word_1_242' title='bbox 1899 2302 1973 2343; x_wconf 92' lang='lat' dir='ltr'><strong>est</strong></span> 
     </span>
     <span class='ocr_line' id='line_1_28' title="bbox 322 2371 1973 2439; baseline 0.004 -19"><span class='ocrx_word' id='word_1_243' title='bbox 322 2371 518 2436; x_wconf 89' lang='lat' dir='ltr'><strong>inopiae</strong></span> <span class='ocrx_word' id='word_1_244' title='bbox 565 2390 726 2434; x_wconf 87' lang='lat' dir='ltr'><strong>causa,</strong></span> <span class='ocrx_word' id='word_1_245' title='bbox 770 2376 1078 2438; x_wconf 90' lang='lat' dir='ltr'><strong>frequentata</strong></span> <span class='ocrx_word' id='word_1_246' title='bbox 1121 2373 1474 2425; x_wconf 75' lang='lat' dir='ltr'><strong>delectationis,</strong></span> <span class='ocrx_word' id='word_1_247' title='bbox 1548 2377 1681 2426; x_wconf 89' lang='lat' dir='ltr'><strong>Nam</strong></span> <span class='ocrx_word' id='word_1_248' title='bbox 1725 2390 1973 2439; x_wconf 87' lang='lat' dir='ltr'><strong>gemmare</strong></span> 
     </span>
    </p>
   </div>
   <div class='ocr_carea' id='block_1_5' title="bbox 319 2500 1978 3041">
    <p class='ocr_par' dir='ltr' id='par_1_5' title="bbox 319 2500 1978 3041">
     <span class='ocr_line' id='line_1_29' title="bbox 378 2500 1978 2556; baseline 0.003 -17"><span class='ocrx_word' id='word_1_249' title='bbox 378 2500 431 2539; x_wconf 92' lang='lat' dir='ltr'><em>M</em></span> <span class='ocrx_word' id='word_1_250' title='bbox 447 2521 483 2535; x_wconf 92' lang='lat'>=</span> <span class='ocrx_word' id='word_1_251' title='bbox 504 2502 641 2542; x_wconf 87' lang='grc' dir='ltr'><strong>ΑΕΗ</strong></span> <span class='ocrx_word' id='word_1_252' title='bbox 803 2516 822 2542; x_wconf 95' lang='lat'>1</span> <span class='ocrx_word' id='word_1_253' title='bbox 855 2517 880 2543; x_wconf 90' lang='lat' dir='ltr'><strong>a</strong></span> <span class='ocrx_word' id='word_1_254' title='bbox 899 2503 1020 2543; x_wconf 89' lang='lat' dir='ltr'><strong>nobis</strong></span> <span class='ocrx_word' id='word_1_255' title='bbox 1039 2503 1151 2555; x_wconf 84' lang='lat' dir='ltr'><em>vulg.</em></span> <span class='ocrx_word' id='word_1_256' title='bbox 1298 2516 1324 2542; x_wconf 83' lang='lat'>2</span> <span class='ocrx_word' id='word_1_257' title='bbox 1353 2509 1479 2554; x_wconf 88' lang='lat' dir='ltr'><strong>atque</strong></span> <span class='ocrx_word' id='word_1_258' title='bbox 1500 2503 1798 2556; x_wconf 83' lang='lat' dir='ltr'><strong>explicandum</strong></span> <span class='ocrx_word' id='word_1_259' title='bbox 1817 2516 1900 2543; x_wconf 90' lang='lat' dir='ltr'><strong>om.</strong></span> <span class='ocrx_word' id='word_1_260' title='bbox 1924 2501 1978 2544; x_wconf 88' lang='lat' dir='ltr'><em>M</em></span> 
     </span>
     <span class='ocr_line' id='line_1_30' title="bbox 322 2555 1970 2604; baseline 0.002 -10"><span class='ocrx_word' id='word_1_261' title='bbox 322 2567 347 2604; x_wconf 89' lang='lat'>5</span> <span class='ocrx_word' id='word_1_262' title='bbox 378 2569 426 2595; x_wconf 90' lang='lat' dir='ltr'><strong>ac</strong></span> <span class='ocrx_word' id='word_1_263' title='bbox 446 2562 659 2596; x_wconf 83' lang='lat' dir='ltr'><strong>vetustate</strong></span> <span class='ocrx_word' id='word_1_264' title='bbox 689 2555 781 2596; x_wconf 84' lang='lat' dir='ltr'><strong>Am</strong></span> <span class='ocrx_word' id='word_1_265' title='bbox 801 2572 811 2597; x_wconf 76' lang='lat' dir='ltr'><strong>t</strong></span> <span class='ocrx_word' id='word_1_266' title='bbox 857 2571 906 2597; x_wconf 92' lang='lat' dir='ltr'><strong>ac</strong></span> <span class='ocrx_word' id='word_1_267' title='bbox 925 2563 1091 2598; x_wconf 87' lang='lat' dir='ltr'><strong>vetusta</strong></span> <span class='ocrx_word' id='word_1_268' title='bbox 1109 2557 1162 2597; x_wconf 94' lang='lat' dir='ltr'><em>H</em></span> <span class='ocrx_word' id='word_1_269' title='bbox 1175 2572 1185 2598; x_wconf 73' lang='grc' dir='ltr'><em>τ</em></span> <span class='ocrx_word' id='word_1_270' title='bbox 1224 2564 1394 2599; x_wconf 87' lang='lat' dir='ltr'><strong>vetusta</strong></span> <span class='ocrx_word' id='word_1_271' title='bbox 1414 2564 1459 2597; x_wconf 89' lang='lat' dir='ltr'><strong>et</strong></span> <span class='ocrx_word' id='word_1_272' title='bbox 1477 2559 1545 2598; x_wconf 89' lang='lat' dir='ltr'><strong>P:</strong></span> <span class='ocrx_word' id='word_1_273' title='bbox 1581 2572 1630 2598; x_wconf 91' lang='lat' dir='ltr'><strong>ac</strong></span> <span class='ocrx_word' id='word_1_274' title='bbox 1649 2564 1818 2598; x_wconf 86' lang='lat' dir='ltr'><strong>vetusta</strong></span> <span class='ocrx_word' id='word_1_275' title='bbox 1845 2564 1890 2598; x_wconf 88' lang='lat' dir='ltr'><strong>et</strong></span> <span class='ocrx_word' id='word_1_276' title='bbox 1910 2558 1970 2598; x_wconf 85' lang='grc' dir='ltr'><strong>Οε</strong></span> 
     </span>
     <span class='ocr_line' id='line_1_31' title="bbox 320 2610 1971 2663; baseline 0.002 -15"><span class='ocrx_word' id='word_1_277' title='bbox 320 2623 348 2658; x_wconf 91' lang='lat'><strong>9</strong></span> <span class='ocrx_word' id='word_1_278' title='bbox 379 2610 546 2651; x_wconf 91' lang='lat' dir='ltr'><strong>Laelius</strong></span> <span class='ocrx_word' id='word_1_279' title='bbox 567 2611 675 2651; x_wconf 88' lang='lat' dir='ltr'><strong>codd.</strong></span> <span class='ocrx_word' id='word_1_280' title='bbox 700 2625 709 2651; x_wconf 91' lang='lat'>:</span> <span class='ocrx_word' id='word_1_281' title='bbox 739 2611 884 2651; x_wconf 88' lang='lat' dir='ltr'><strong>Celius</strong></span> <span class='ocrx_word' id='word_1_282' title='bbox 902 2627 921 2651; x_wconf 83' lang='grc' dir='ltr'>ε</span> <span class='ocrx_word' id='word_1_283' title='bbox 1062 2625 1107 2651; x_wconf 90' lang='lat'><strong>11</strong></span> <span class='ocrx_word' id='word_1_284' title='bbox 1140 2612 1218 2651; x_wconf 87' lang='lat' dir='ltr'><strong>fari</strong></span> <span class='ocrx_word' id='word_1_285' title='bbox 1238 2611 1275 2650; x_wconf 94' lang='lat' dir='ltr'><em>L</em></span> <span class='ocrx_word' id='word_1_286' title='bbox 1296 2614 1409 2663; x_wconf 83' lang='lat' dir='ltr'><em>vulg.</em></span> <span class='ocrx_word' id='word_1_287' title='bbox 1427 2612 1569 2663; x_wconf 79' lang='lat' dir='ltr'><strong>Quint.</strong></span> <span class='ocrx_word' id='word_1_288' title='bbox 1591 2612 1676 2652; x_wconf 85' lang='lat' dir='ltr'><strong>viii.</strong></span> <span class='ocrx_word' id='word_1_289' title='bbox 1700 2624 1741 2662; x_wconf 86' lang='lat'><strong>3.</strong></span> <span class='ocrx_word' id='word_1_290' title='bbox 1755 2625 1807 2662; x_wconf 84' lang='lat'><strong>27</strong></span> <span class='ocrx_word' id='word_1_291' title='bbox 1922 2625 1971 2652; x_wconf 79' lang='lat'><strong>12</strong></span> 
     </span>
     <span class='ocr_line' id='line_1_32' title="bbox 320 2663 1971 2718; baseline 0.002 -16"><span class='ocrx_word' id='word_1_292' title='bbox 320 2665 497 2703; x_wconf 90' lang='lat' dir='ltr'><strong>verebar</strong></span> <span class='ocrx_word' id='word_1_293' title='bbox 516 2663 631 2703; x_wconf 83' lang='lat' dir='ltr'><strong>Mme</strong></span> <span class='ocrx_word' id='word_1_294' title='bbox 654 2666 846 2715; x_wconf 82' lang='lat' dir='ltr'><strong>‘fhrtasse</strong></span> <span class='ocrx_word' id='word_1_295' title='bbox 869 2667 997 2706; x_wconf 71' lang='lat' dir='ltr'><strong>verior</strong></span> <span class='ocrx_word' id='word_1_296' title='bbox 1023 2671 1085 2706; x_wconf 74' lang='lat' dir='ltr'><strong>est</strong></span> <span class='ocrx_word' id='word_1_297' title='bbox 1103 2667 1306 2718; x_wconf 76' lang='lat' dir='ltr'><strong>scripmra</strong></span> <span class='ocrx_word' id='word_1_298' title='bbox 1318 2667 1329 2681; x_wconf 89' lang='lat'>’</span> <span class='ocrx_word' id='word_1_299' title='bbox 1349 2665 1516 2706; x_wconf 81' lang='lat' dir='ltr'><strong>Ellendt</strong></span> <span class='ocrx_word' id='word_1_300' title='bbox 1701 2671 1775 2707; x_wconf 88' lang='lat' dir='ltr'><strong>aut</strong></span> <span class='ocrx_word' id='word_1_301' title='bbox 1792 2664 1876 2706; x_wconf 85' lang='lat' dir='ltr'><strong>alia</strong></span> <span class='ocrx_word' id='word_1_302' title='bbox 1894 2663 1971 2706; x_wconf 87' lang='lat' dir='ltr'><strong>M:</strong></span> 
     </span>
     <span class='ocr_line' id='line_1_33' title="bbox 320 2718 1968 2771; baseline 0.002 -16"><span class='ocrx_word' id='word_1_303' title='bbox 320 2724 363 2757; x_wconf 90' lang='lat' dir='ltr'><strong>et</strong></span> <span class='ocrx_word' id='word_1_304' title='bbox 382 2718 464 2757; x_wconf 92' lang='lat' dir='ltr'><strong>alia</strong></span> <span class='ocrx_word' id='word_1_305' title='bbox 484 2718 521 2755; x_wconf 94' lang='lat' dir='ltr'><em>L</em></span> <span class='ocrx_word' id='word_1_306' title='bbox 656 2722 705 2758; x_wconf 93' lang='lat'><strong>16</strong></span> <span class='ocrx_word' id='word_1_307' title='bbox 733 2720 973 2760; x_wconf 87' lang='lat' dir='ltr'><strong>exanimato</strong></span> <span class='ocrx_word' id='word_1_308' title='bbox 993 2733 1074 2759; x_wconf 83' lang='lat' dir='ltr'><strong>om.</strong></span> <span class='ocrx_word' id='word_1_309' title='bbox 1098 2719 1152 2758; x_wconf 93' lang='lat' dir='ltr'><em>H</em></span> <span class='ocrx_word' id='word_1_310' title='bbox 1244 2727 1491 2771; x_wconf 75' lang='lat' dir='ltr'><strong>expectat-at</strong></span> <span class='ocrx_word' id='word_1_311' title='bbox 1508 2720 1603 2760; x_wconf 88' lang='lat' dir='ltr'><strong>Am</strong></span> <span class='ocrx_word' id='word_1_312' title='bbox 1732 2732 1780 2771; x_wconf 85' lang='lat'><strong>17</strong></span> <span class='ocrx_word' id='word_1_313' title='bbox 1809 2733 1864 2760; x_wconf 88' lang='lat' dir='ltr'><strong>an</strong></span> <span class='ocrx_word' id='word_1_314' title='bbox 1884 2732 1968 2760; x_wconf 88' lang='lat' dir='ltr'><strong>non</strong></span> 
     </span>
     <span class='ocr_line' id='line_1_34' title="bbox 321 2773 1968 2826; baseline 0.001 -16"><span class='ocrx_word' id='word_1_315' title='bbox 321 2773 473 2811; x_wconf 86' lang='lat' dir='ltr'><strong>novisti</strong></span> <span class='ocrx_word' id='word_1_316' title='bbox 495 2773 620 2813; x_wconf 90' lang='lat' dir='ltr'><strong>huius</strong></span> <span class='ocrx_word' id='word_1_317' title='bbox 637 2773 807 2813; x_wconf 85' lang='lat' dir='ltr'><strong>Ribbeck</strong></span> <span class='ocrx_word' id='word_1_318' title='bbox 946 2787 994 2824; x_wconf 93' lang='lat'><strong>19</strong></span> <span class='ocrx_word' id='word_1_319' title='bbox 1021 2774 1101 2813; x_wconf 91' lang='lat' dir='ltr'><strong>Vel</strong></span> <span class='ocrx_word' id='word_1_320' title='bbox 1113 2788 1243 2825; x_wconf 88' lang='lat' dir='ltr'><strong>saepe</strong></span> <span class='ocrx_word' id='word_1_321' title='bbox 1262 2774 1296 2812; x_wconf 95' lang='lat' dir='ltr'><em>L</em></span> <span class='ocrx_word' id='word_1_322' title='bbox 1319 2775 1429 2826; x_wconf 86' lang='lat' dir='ltr'><em>vulg.</em></span> <span class='ocrx_word' id='word_1_323' title='bbox 1584 2787 1639 2813; x_wconf 86' lang='lat'><strong>20</strong></span> <span class='ocrx_word' id='word_1_324' title='bbox 1662 2774 1792 2814; x_wconf 83' lang='lat' dir='ltr'><strong>verba</strong></span> <span class='ocrx_word' id='word_1_325' title='bbox 1811 2784 1968 2813; x_wconf 87' lang='lat' dir='ltr'><strong>novan-</strong></span> 
     </span>
     <span class='ocr_line' id='line_1_35' title="bbox 322 2825 1968 2880; baseline 0.002 -17"><span class='ocrx_word' id='word_1_326' title='bbox 322 2830 390 2864; x_wconf 88' lang='lat' dir='ltr'><strong>tur</strong></span> <span class='ocrx_word' id='word_1_327' title='bbox 404 2826 480 2865; x_wconf 87' lang='lat' dir='ltr'><strong>del.</strong></span> <span class='ocrx_word' id='word_1_328' title='bbox 494 2825 732 2868; x_wconf 79' lang='lat' dir='ltr'><strong>Lambinus</strong></span> <span class='ocrx_word' id='word_1_329' title='bbox 804 2841 956 2868; x_wconf 88' lang='lat' dir='ltr'><strong>sensus</strong></span> <span class='ocrx_word' id='word_1_330' title='bbox 975 2827 1034 2866; x_wconf 74' lang='lat' dir='ltr'><strong>Le</strong></span> <span class='ocrx_word' id='word_1_331' title='bbox 1055 2829 1130 2867; x_wconf 83' lang='lat' dir='ltr'><strong>alii</strong></span> <span class='ocrx_word' id='word_1_332' title='bbox 1197 2830 1392 2868; x_wconf 85' lang='lat' dir='ltr'><strong>desertus</strong></span> <span class='ocrx_word' id='word_1_333' title='bbox 1407 2841 1489 2869; x_wconf 87' lang='lat' dir='ltr'><strong>om.</strong></span> <span class='ocrx_word' id='word_1_334' title='bbox 1507 2841 1560 2878; x_wconf 86' lang='lat'><strong>32</strong></span> <span class='ocrx_word' id='word_1_335' title='bbox 1573 2841 1617 2867; x_wconf 83' lang='lat' dir='ltr'><strong>oe</strong></span> <span class='ocrx_word' id='word_1_336' title='bbox 1629 2828 1741 2880; x_wconf 88' lang='lat' dir='ltr'><em>vulg.</em></span> <span class='ocrx_word' id='word_1_337' title='bbox 1754 2842 1764 2867; x_wconf 71' lang='grc' dir='ltr'><strong><em>ι</em></strong></span> <span class='ocrx_word' id='word_1_338' title='bbox 1782 2827 1968 2867; x_wconf 88' lang='lat' dir='ltr'><strong>disertus</strong></span> 
     </span>
     <span class='ocr_line' id='line_1_36' title="bbox 319 2878 1966 2922; baseline 0.002 -6"><span class='ocrx_word' id='word_1_339' title='bbox 319 2878 444 2917; x_wconf 72' lang='lat' dir='ltr'><strong>H²Le</strong></span> <span class='ocrx_word' id='word_1_340' title='bbox 554 2882 639 2920; x_wconf 90' lang='lat' dir='ltr'><strong>vidi</strong></span> <span class='ocrx_word' id='word_1_341' title='bbox 659 2881 718 2921; x_wconf 74' lang='lat' dir='ltr'><strong>Le</strong></span> <span class='ocrx_word' id='word_1_342' title='bbox 893 2895 941 2922; x_wconf 84' lang='lat'><strong>21</strong></span> <span class='ocrx_word' id='word_1_343' title='bbox 975 2888 1020 2922; x_wconf 88' lang='lat' dir='ltr'><strong>ut</strong></span> <span class='ocrx_word' id='word_1_344' title='bbox 1040 2895 1121 2922; x_wconf 85' lang='lat' dir='ltr'><strong>om.</strong></span> <span class='ocrx_word' id='word_1_345' title='bbox 1144 2880 1198 2920; x_wconf 91' lang='lat' dir='ltr'><em>M</em></span> <span class='ocrx_word' id='word_1_346' title='bbox 1300 2896 1496 2922; x_wconf 88' lang='lat' dir='ltr'><strong>vacarum</strong></span> <span class='ocrx_word' id='word_1_347' title='bbox 1516 2882 1632 2921; x_wconf 74' lang='lat' dir='ltr'><strong>HAe</strong></span> <span class='ocrx_word' id='word_1_348' title='bbox 1649 2897 1658 2921; x_wconf 90' lang='lat'>:</span> <span class='ocrx_word' id='word_1_349' title='bbox 1684 2882 1907 2922; x_wconf 86' lang='lat' dir='ltr'><strong>baccarum</strong></span> <span class='ocrx_word' id='word_1_350' title='bbox 1927 2880 1966 2919; x_wconf 91' lang='lat' dir='ltr'><em>L</em></span> 
     </span>
     <span class='ocr_line' id='line_1_37' title="bbox 319 2933 1965 2979; baseline 0.001 -8"><span class='ocrx_word' id='word_1_351' title='bbox 319 2933 610 2973; x_wconf 86' lang='lat' dir='ltr'><strong>incurvascere</strong></span> <span class='ocrx_word' id='word_1_352' title='bbox 632 2935 700 2975; x_wconf 89' lang='lat' dir='ltr'><strong>H:</strong></span> <span class='ocrx_word' id='word_1_353' title='bbox 722 2936 1018 2975; x_wconf 85' lang='lat' dir='ltr'><strong>incurbescere</strong></span> <span class='ocrx_word' id='word_1_354' title='bbox 1030 2936 1072 2974; x_wconf 90' lang='lat' dir='ltr'><em>A</em></span> <span class='ocrx_word' id='word_1_355' title='bbox 1091 2951 1099 2975; x_wconf 76' lang='grc' dir='ltr'><strong>ε</strong></span> <span class='ocrx_word' id='word_1_356' title='bbox 1116 2937 1400 2979; x_wconf 81' lang='lat' dir='ltr'><strong>incurviscere</strong></span> <span class='ocrx_word' id='word_1_357' title='bbox 1413 2937 1577 2977; x_wconf 84' lang='lat' dir='ltr'><strong>Nonius</strong></span> <span class='ocrx_word' id='word_1_358' title='bbox 1674 2948 1726 2975; x_wconf 81' lang='lat'><strong>22</strong></span> <span class='ocrx_word' id='word_1_359' title='bbox 1744 2935 1862 2975; x_wconf 85' lang='lat' dir='ltr'><strong>verbi</strong></span> <span class='ocrx_word' id='word_1_360' title='bbox 1881 2935 1965 2974; x_wconf 85' lang='lat' dir='ltr'><strong>late</strong></span> 
     </span>
     <span class='ocr_line' id='line_1_38' title="bbox 319 2985 1972 3041; baseline 0.001 -15"><span class='ocrx_word' id='word_1_361' title='bbox 319 2988 428 3038; x_wconf 86' lang='lat' dir='ltr'><em>vulg.</em></span> <span class='ocrx_word' id='word_1_362' title='bbox 450 3002 459 3026; x_wconf 93' lang='lat'>:</span> <span class='ocrx_word' id='word_1_363' title='bbox 489 2989 666 3028; x_wconf 85' lang='lat' dir='ltr'><strong>veritate</strong></span> <span class='ocrx_word' id='word_1_364' title='bbox 685 2989 739 3028; x_wconf 91' lang='lat' dir='ltr'><em>M</em></span> <span class='ocrx_word' id='word_1_365' title='bbox 754 3004 764 3029; x_wconf 78' lang='lat' dir='ltr'><strong>t</strong></span> <span class='ocrx_word' id='word_1_366' title='bbox 792 2991 997 3029; x_wconf 86' lang='lat' dir='ltr'><strong>varietate</strong></span> <span class='ocrx_word' id='word_1_367' title='bbox 1018 2990 1085 3031; x_wconf 87' lang='lat' dir='ltr'><strong>loe.</strong></span> <span class='ocrx_word' id='word_1_368' title='bbox 1226 3003 1278 3040; x_wconf 84' lang='lat'><strong>23</strong></span> <span class='ocrx_word' id='word_1_369' title='bbox 1307 2996 1402 3030; x_wconf 87' lang='lat' dir='ltr'><strong>acta</strong></span> <span class='ocrx_word' id='word_1_370' title='bbox 1416 2989 1475 3028; x_wconf 78' lang='lat' dir='ltr'><strong>&#39;M</strong></span> <span class='ocrx_word' id='word_1_371' title='bbox 1578 3003 1630 3040; x_wconf 80' lang='lat'><strong>27</strong></span> <span class='ocrx_word' id='word_1_372' title='bbox 1658 2988 1898 3041; x_wconf 82' lang='lat' dir='ltr'><strong>frequentia</strong></span> <span class='ocrx_word' id='word_1_373' title='bbox 1915 2985 1972 3027; x_wconf 89' lang='lat' dir='ltr'><em>M</em></span> 
     </span>
    </p>
   </div>
  </div>
 </body>
</html>
