2150 3444
780 143 876 192 DE
911 142 1253 193 ORATORE
1325 143 1379 191 11

250 281 528 334 moderatio
565 290 616 332 et
655 279 981 347 temperantia
1022 289 1072 331 et
1116 280 1285 331 raritas
1322 278 1569 330 dictorum
1610 279 1911 345 distinguent

244 372 494 416 oratorem
516 379 547 413 a
573 379 754 425 scurra,
777 371 827 413 et
858 363 995 426 quod
1024 378 1117 411 nos
1143 377 1259 411 cum
1295 377 1444 410 causa
1474 360 1699 420 dicimuS‚
1725 379 1827 411 non
1860 371 1913 411 ut

246 443 442 496 ridiculi
486 443 753 504 videamur,
795 444 885 492 sed
931 451 986 492 ut
1031 441 1347 506 proficiamus
1393 440 1593 504 aliquid,
1638 441 1707 489 illi
1754 450 1912 491 totum

245 523 383 576 diem
405 532 456 574 et
479 523 585 575 sine
608 541 767 573 causa.
842 522 979 585 Quid
1003 522 1135 572 enim
1161 530 1235 572 est
1258 523 1473 584 Vargula
1495 522 1774 582 adsecutus,
1798 539 1911 571 cum

199 622 226 667 5
246 622 363 659 eum
400 604 693 655 candidatus
733 606 792 653 A.
838 602 1158 667 Sempronius
1206 617 1321 650 cum
1361 603 1431 650 M.
1473 603 1617 651 fratre
1655 618 1745 651 suo
1782 619 1913 651 com-

245 687 419 750 plexus
452 694 581 736 esset
617 688 785 750 ‘puer,
817 683 962 747 abige
998 699 1192 733 muscas
1212 685 1254 731 '?
1324 682 1499 731 Risum
1537 682 1791 745 quaesivit,
1826 683 1912 747 qui

244 774 321 816 est
347 782 460 816 mea
485 764 730 817 sententia
759 765 836 813 vel
868 762 1185 812 tenuissimus
1220 762 1386 826 ingeni
1419 765 1616 811 fructus.
1690 765 1910 827 Tempus

242 845 389 911 igitur
409 844 611 895 dicendi
633 843 894 910 prudentia
922 853 971 894 et
1003 843 1237 908 gravitate
1272 842 1639 892 moderabimur
1654 861 1668 904 3
1703 860 1909 907 quarum

244 925 434 977 utinam
456 919 611 976 artem
634 925 851 990 aliquam
875 925 1171 975 haberemus
1194 928 1204 973 1
1258 926 1357 974 Sed
1382 923 1585 974 domina
1608 933 1780 974 natura
1803 935 1888 975 est.

170 1024 224 1056 10
309 1008 463 1058 Nunc
506 1023 811 1071 exponamus
857 1023 1038 1070 genera
1083 1005 1191 1069 ipsa
1236 1004 1537 1067 summatim,
1585 1022 1712 1069 quae
1758 1005 1907 1055 risum

240 1087 456 1138 maxime
500 1097 744 1138 moveant.
835 1089 982 1136 Haec
1027 1086 1172 1150 igitur
1216 1085 1280 1137 sit
1326 1085 1483 1149 prima
1522 1085 1733 1148 partitio,
1771 1089 1907 1150 quod

241 1169 401 1219 facete
431 1168 637 1231 dicatur,
665 1168 718 1219 id
745 1167 864 1218 alias
895 1167 948 1217 in
979 1185 1031 1218 re
1055 1168 1255 1229 habere,
1278 1165 1397 1217 alias
1429 1166 1480 1216 in
1505 1166 1656 1216 verbo
1679 1166 1907 1228 facetias;

240 1250 643 1302 maximeautem
666 1249 1168 1311 homines-delectari,
1192 1249 1233 1299 si
1265 1250 1468 1313 quando
1496 1247 1619 1297 risus
1643 1247 1907 1300 coniuncte

236 1347 296 1381 re
325 1331 580 1396 verboque
611 1340 879 1382 moveatur.
952 1332 1052 1381 Sed
1086 1332 1184 1380 hoc
1216 1338 1536 1391 mementote,
1565 1345 1906 1394 quoscumque

167 1427 218 1471 15
240 1412 380 1462 locos
399 1412 654 1477 attingam,
678 1413 814 1462 unde
840 1411 1048 1461 ridicula
1074 1412 1335 1472 ducantur,
1359 1427 1418 1461 ex
1450 1409 1637 1460 eisdem
1661 1409 1782 1459 locis
1806 1411 1906 1460 fere

239 1493 389 1544 etiam
422 1493 580 1559 gravis
614 1492 882 1544 sententias
916 1509 1063 1557 posse
1098 1492 1244 1542 duci:
1286 1500 1479 1541 tantum
1516 1490 1733 1553 interest,
1767 1492 1905 1555 quod

237 1574 449 1640 gravitas
470 1575 694 1626 honestis
722 1574 775 1625 in
809 1575 956 1624 rebus
991 1573 1286 1637 severisque,
1311 1572 1449 1622 iocus
1484 1571 1536 1623 in
1570 1572 1823 1637 turpiculis
1855 1581 1905 1623 et

235 1655 382 1720 quasi
420 1655 724 1707 deformibus
769 1654 986 1720 ponitur,
1021 1655 1157 1704 velut
1193 1653 1382 1703 eisdem
1418 1653 1579 1704 verbis
1619 1662 1668 1703 et
1705 1654 1904 1704 laudare

235 1736 364 1802 frugi
386 1753 581 1787 servum
603 1736 851 1802 possimus
874 1744 940 1798 et,
965 1735 1006 1786 si
1029 1743 1104 1786 est
1127 1751 1361 1798 nequam,
1379 1733 1541 1784 iocari.
1616 1733 1902 1784 Ridiculum

163 1836 219 1868 20
237 1827 315 1869 est
335 1818 459 1869 illud
483 1818 825 1870 Neronianum
848 1825 990 1869 vetus
1013 1815 1066 1867 in
1089 1815 1242 1866 furaci
1270 1831 1440 1866 servo:
1489 1816 1650 1865 solum
1675 1832 1798 1878 esse,
1822 1815 1902 1866 cui

234 1899 376 1951 dorni
398 1899 522 1950 nihil
545 1899 608 1951 sit
635 1917 729 1950 nec
757 1898 1073 1963 obsignatum
1104 1914 1199 1947 nec
1234 1898 1507 1958 occlusum,
1531 1898 1668 1960 quod
1691 1895 1825 1946 idem
1848 1896 1900 1947 in

234 1982 374 2033 bono
395 1996 536 2032 servo
567 1980 668 2031 dici
701 1981 839 2031 solet.
911 1979 1012 2030 Sed
1047 1980 1146 2028 hoc
1179 1977 1369 2027 eisdem
1392 1976 1583 2039 verbis;
1630 1994 1689 2027 ex
1713 1977 1900 2028 eisdem

234 2059 445 2131 [autem]
480 2061 603 2112 locis
635 2058 944 2129 [nascuntur]
981 2059 1162 2111 omnia.
1236 2060 1368 2108 Nam
1404 2059 1543 2122 quod
1577 2059 1657 2122 Sp.
1687 2058 1901 2109 Carvilio

233 2143 440 2208 graviter
465 2141 764 2194 claudicanti
791 2159 852 2193 ex
882 2142 1083 2193 vulnere
1115 2140 1182 2190 ob
1210 2156 1315 2190 rem
1345 2138 1598 2203 publicam
1621 2147 1827 2203 accepto
1851 2148 1903 2192 et

159 2243 211 2284 25
233 2225 303 2275 ob
342 2241 454 2276 earn
485 2220 691 2275 causam
725 2222 1081 2275 verecundanti
1118 2221 1170 2271 in
1210 2219 1467 2285 publicum
1507 2219 1704 2283 prodire
1745 2229 1900 2271 mater

230 2305 355 2356 dixit
399 2308 416 2335 ‘
433 2305 555 2371 quin
599 2303 785 2371 prodiS,
829 2303 900 2355 mi
946 2303 1131 2368 Spuri?
1192 2301 1638 2366 quotienscumque
1691 2303 1897 2365 gradum

230 2385 398 2448 facieS,
420 2385 602 2438 totiens
629 2384 721 2435 tibi
744 2394 939 2435 tuarum
962 2383 1198 2434 virtutum
1221 2381 1385 2432 veniat
1416 2381 1468 2431 in
1493 2384 1742 2443 mentem,'
1765 2399 1899 2446 prae-

230 2469 419 2518 clarum
442 2475 493 2518 et
513 2483 660 2532 grave
682 2475 756 2516 est
778 2484 790 2515 t
829 2466 967 2529 quod
992 2464 1202 2515 Calvino
1226 2463 1433 2513 Glaucia
1456 2462 1752 2513 claudicanti
1777 2465 1791 2490 ‘
1810 2463 1897 2513 ubi

230 2557 308 2599 est
329 2547 647 2599 vetus-illud:
686 2563 810 2596 num
837 2545 1119 2596 claudicat?
1165 2553 1215 2594 at
1239 2543 1320 2594 hic
1345 2543 1587 2594 clodicat'
1609 2548 1618 2593 Ξ
1667 2546 1763 2594 hoc
1786 2544 1898 2595 ridi-

156 2646 214 2688 30
233 2631 402 2681 culum
420 2638 495 2680 est
500 2647 515 2691 3
543 2637 593 2679 et
611 2636 875 2693 utrumque
893 2644 953 2677 ex
970 2643 1048 2689 eo,
1062 2627 1200 2691 quod
1224 2625 1276 2676 in
1300 2624 1661 2676 claudicatione
1678 2624 1897 2677 animad-

285 2756 340 2798 M
355 2777 391 2793 =
412 2757 466 2798 H
573 2767 592 2797 1
626 2736 859 2806 distinguet
871 2738 930 2794 Le
1041 2767 1063 2804 7
1095 2758 1162 2795 est
1184 2754 1264 2794 Le:
1296 2760 1412 2795 esset
1430 2753 1484 2792 M
1498 2769 1508 2794 ε
1536 2760 1604 2794 est
1623 2766 1678 2794 ex
1692 2753 1894 2795 Friedrich

235 2826 285 2866 15
312 2818 520 2854 vocantur
537 2811 632 2856 Hm
803 2823 850 2861 17
879 2809 1126 2860 severisque
1145 2807 1344 2849 Friedrich
1364 2823 1373 2848 :
1402 2820 1553 2848 severe
1572 2808 1683 2850 codd.
1845 2822 1896 2860 19

229 2880 456 2920 possumus
477 2881 495 2906 ε
509 2865 622 2918 vulg.
766 2877 820 2917 23
838 2869 989 2904 -autem
1009 2876 1092 2904 om.
1117 2875 1163 2903 m
1301 2868 1532 2903 nascuntur
1550 2876 1634 2903 om.
1654 2862 1705 2902 H
1838 2876 1893 2914 ²4

230 2921 441 2965 cavillanti
454 2920 549 2960 Hm
729 2920 783 2958 26
810 2919 1001 2968 prodim:
1032 2922 1078 2958 ut
1096 2930 1138 2967 q.
1163 2916 1227 2958 H:
1267 2917 1484 2967 prodimus
1505 2930 1546 2968 q.
1570 2931 1641 2956 m:
1671 2918 1818 2967 prodis
1836 2917 1893 2957 mi

231 2977 362 3029 Spuri
382 2982 428 3018 ut
441 2989 483 3027 q.
505 2975 543 3016 L
561 2988 570 3016 τ
592 2973 724 3025 prodi,
744 2973 800 3012 mi
820 2972 961 3023 Spuri,
979 2985 1023 3023 q.
1038 2970 1241 3013 Friedrich
1352 2983 1402 3020 27
1434 2971 1561 3011 facias
1578 2969 1637 3009 Le
1747 2971 1893 3011 veniet

230 3029 269 3071 ’L
288 3031 400 3084 vulg.
523 3029 576 3068 28
605 3028 781 3069 Glaucia
800 3039 885 3067 om.
909 3026 1006 3066 Hm
1141 3038 1194 3077 29
1221 3030 1265 3065 at
1283 3024 1353 3066 hic
1382 3025 1562 3066 clodicat
1580 3038 1665 3066 om.
1689 3025 1785 3066 Hm

1931 142 2006 193 60
2025 158 2099 205 ²4⁷

1931 972 1991 1019 61

1934 1048 2010 1100 248

1927 1991 2006 2034 249
