2150 3444
780 145 876 194 DE
912 142 1250 195 ORATORE
1323 146 1376 194 11

246 289 299 333 et
335 279 600 332 acerrimus
646 281 697 331 in
735 282 1003 347 Caepionis
1048 282 1232 332 invidia
1269 284 1551 333 renovanda
1597 293 1645 334 et
1686 285 1735 333 in
1784 285 1905 334 meis

246 361 468 412 moribus
497 379 610 427 erga
639 379 777 413 meos
807 362 1110 413 necessarios
1139 362 1448 412 declarandis
1482 363 1906 414 mansuetissimus

245 441 466 493 viderer:
501 442 570 493 ita
592 443 747 508 magis
762 443 968 494 adfectis
991 443 1170 492 animis
1194 442 1415 493 iudicum
1441 459 1589 507 quam
1615 444 1789 504 doctis,
1807 454 1903 505 tua,

1923 161 1996 211 49
2017 159 2092 198 m

1929 495 1998 545 50

246 521 447 588 Sulpici,
487 532 563 573 est
596 540 627 574 a
660 523 806 573 nobis
842 533 948 574 tum
985 523 1236 573 accusatio
1276 523 1433 572 victa.’
1505 523 1607 572 Hic
1646 523 1905 587 Sulpiciu3‚
1934 572 2008 601 20²

198 617 224 661 5
250 607 391 654 ‘vere
413 605 608 665 hercle,’
639 604 800 668 inquit
831 604 1065 665 ‘Antoni,
1099 604 1193 653 ista
1222 620 1581 654 commemoras
1602 622 1616 664 3
1668 621 1783 653 nam
1817 622 1908 668 ego

246 685 371 735 nihil
393 702 631 749 umquam
665 685 780 746 vidi,
807 687 945 749 quod
980 694 1081 734 tarn
1117 702 1145 734 e
1181 683 1409 733 manibus
1438 685 1723 744 elaberetur,
1758 701 1909 747 quam

246 765 370 815 mihi
393 775 500 815 tum
536 774 610 815 est
633 767 800 830 elapsa
834 765 918 815 illa
951 765 1059 830 ipsa
1093 781 1254 814 causa.
1328 766 1458 815 Cum
1494 765 1642 824 enim,
1671 782 1819 829 quem
1844 767 1909 814 ad

246 847 455 896 modum
480 845 658 906 dixisti,
685 845 776 895 tibi
799 862 892 909 ego
917 863 1019 895 non
1051 845 1304 906 iudicium,
1332 847 1421 895 sed
1445 845 1731 895 incendium
1768 845 1911 894 tradi-

245 926 446 988 dissem,
480 923 624 991 >quod
663 934 805 975 tuum
845 926 1156 991 principium,
1197 927 1250 976 di
1294 927 1607 987 immortales,
1652 927 1770 975 fuit!
1824 927 1908 990 qui

172 1027 229 1061 ιο
246 1008 424 1058 timor!
482 1025 611 1073 quae
650 1007 910 1068 dubitatio,
959 1017 1146 1072 quanta
1186 1007 1444 1057 haesitatio
1491 1017 1773 1071 tractusque
1809 1025 1910 1057 ver-

247 1089 457 1139 borum!
503 1091 576 1139 Ut
599 1097 654 1138 tu
677 1088 800 1138 illud
824 1088 978 1148 initio,
1006 1090 1143 1152 quod
1166 1087 1256 1137 tibi
1280 1105 1435 1136 unurn
1460 1089 1524 1137 ad
1549 1087 1908 1151 ignoscendum

246 1169 477 1220 homines
523 1170 724 1229 dabant,
774 1168 989 1229 tenuisti,
1038 1177 1088 1217 te
1139 1185 1229 1232 pro
1275 1168 1479 1217 homine
1526 1167 1904 1232 pernecessariO,

246 1260 508 1316 quaestore
541 1259 642 1310 tuo,
683 1250 847 1300 dicere
871 1254 898 1299 ἒ·
940 1252 1107 1313 Quam
1146 1249 1235 1299 tibi
1270 1249 1485 1313 primurn
1521 1249 1723 1298 munisti
1757 1250 1823 1299 ad
1858 1258 1907 1298 te

245 1332 552 1383 audiendum
566 1331 709 1381 viam.
784 1334 916 1381 Ecce
930 1340 1112 1392 autem,
1133 1348 1248 1381 curn
1267 1340 1316 1380 te
1339 1330 1461 1379 nihil
1484 1331 1620 1381 aliud
1643 1330 1908 1395 profecisse
1934 1347 2012 1388 203

175 1433 225 1478 ¹⁵
245 1413 515 1475 arbitrarer,
540 1412 635 1462 nisi
659 1421 713 1462 ut
735 1412 964 1463 homines
997 1412 1087 1462 tibi
1122 1412 1282 1462 civem
1306 1412 1587 1477 improbum
1620 1411 1909 1462 defendenti

246 1494 606 1560 ignoscendum
641 1504 840 1559 propter
871 1493 1290 1544 necessitudinem
1319 1493 1678 1552 arbitrarentur,
1714 1508 1907 1557 serpere

245 1577 444 1626 occulte
475 1575 695 1640 coepisti,
729 1575 853 1625 nihil
877 1577 999 1625 dum
1023 1575 1130 1624 aliis
1155 1574 1534 1639 suspicantibus,
1562 1591 1642 1623 me
1666 1591 1783 1624 vero
1806 1574 1905 1623 iam

245 1656 638 1722 pertimescente,
665 1665 721 1707 ut
744 1656 879 1706 illam
904 1673 1007 1706 non
1033 1655 1258 1706 Norbani
1284 1655 1595 1715 seditionem,
1622 1656 1711 1705 sed
1735 1653 1906 1719 populi

246 1737 466 1789 Romani
499 1737 804 1788 iracundiam
839 1754 1004 1802 neque
1038 1754 1149 1787 eam
1185 1736 1429 1796 iniustam,
1465 1737 1554 1785 sed
1589 1735 1813 1784 meritam
1848 1751 1907 1784 ac

172 1838 225 1869 ao
245 1819 468 1870 debitam
491 1819 642 1869 fuisse
669 1820 976 1870 defenderes,
1051 1818 1250 1868 Deinde
1282 1818 1368 1882 qui
1391 1819 1530 1867 locus
1558 1834 1588 1866 a
1620 1826 1669 1866 te
1701 1824 1908 1880 praeter-

243 1900 424 1951 missus
447 1908 522 1950 est
552 1899 605 1950 in
638 1900 946 1964 Caepionem
964 1902 987 1949 ?
1045 1902 1118 1950 Ut
1147 1908 1201 1948 tu
1229 1898 1312 1947 illa
1343 1897 1512 1947 omnia
1546 1897 1678 1957 odio,
1706 1896 1904 1957 invidia,

243 1980 580 2032 misericordia
611 1980 885 2031 miscuisti!
945 1982 1127 2044 Neque
1159 1981 1282 2029 haec
1313 1981 1474 2028 solum
1510 1978 1562 2027 in
1598 1976 1903 2036 defensione,

243 2063 335 2114 sed
358 2062 507 2112 etiam
531 2061 584 2111 in
607 2062 794 2112 Scauro
826 2061 1102 2126 ceterisque
1131 2060 1256 2110 meis
1291 2059 1512 2119 testibuS,
1540 2075 1751 2123 quorum
1777 2058 1907 2107 testi-

242 2143 414 2195 monia
449 2161 554 2194 non
599 2145 884 2205 refellendO,
935 2144 1025 2193 sed
1070 2144 1136 2192 ad
1184 2143 1401 2191 eundem
1446 2141 1688 2205 impetum
1735 2139 1906 2204 populi

170 2241 222 2286 25
242 2225 578 2290 confugiendo
600 2224 820 2274 refutasti
840 2243 854 2286 3
890 2240 1018 2288 quae
1042 2239 1158 2273 cum
1189 2223 1278 2272 abs
1303 2230 1352 2270 te
1376 2223 1529 2270 modo
1554 2236 1907 2270 commemora·
1931 2239 2010 2280 204

242 2316 423 2367 rentur,
449 2305 683 2370 equidem
707 2307 843 2355 nulla
856 2313 1120 2370 praecepta
1143 2302 1486 2353 desiderabam
1507 2320 1521 2362 3
1557 2301 1714 2365 ipsam
1739 2309 1905 2349 tamen

243 2387 388 2437 istam
427 2380 905 2437 demonstrationem
939 2384 1287 2436 defensionum
1328 2392 1520 2432 tuarum
1561 2379 1670 2447 [abs
1711 2389 1760 2429 te
1798 2380 1906 2444 ipso

243 2466 704 2534 commemoratam]
729 2466 1007 2518 doctrinam
1033 2482 1142 2515 esse
1165 2482 1268 2514 non
1293 2463 1594 2513 mediocrem
1619 2463 1771 2525 puto!

314 2549 511 2613 ‘Atqui‚
538 2549 580 2598 si
611 2548 679 2598 ita
706 2550 900 2614 placet,'
924 2547 1086 2611 inquit
1112 2542 1403 2613 [Antonius]
1435 2544 1714 2593 ‘trademus
1738 2540 1901 2601 etiarn,

168 2646 222 2688 30
243 2647 373 2696 quae
429 2646 522 2680 nos
573 2629 715 2694 sequi
767 2629 818 2678 in
870 2628 1088 2678 dicendo
1141 2642 1369 2691 quaeque
1422 2623 1635 2673 maxime
1684 2631 1904 2686 spectare

295 2757 351 2798 M
366 2779 402 2793 =
422 2757 560 2799 AEH
691 2771 714 2809 7
744 2758 836 2809 ipsa
855 2770 936 2798 om.
959 2754 998 2795 L
1082 2768 1210 2796 causa
1229 2767 1311 2794 om.
1334 2751 1386 2792 M
1533 2754 1559 2791 8
1588 2752 1672 2791 dixi
1691 2749 1744 2789 M
1855 2763 1906 2789 10

240 2819 400 2866 quanta
418 2813 644 2854 haesitatio
663 2825 749 2854 om.
773 2810 827 2850 M
936 2823 982 2850 11
1016 2815 1061 2850 ut
1081 2815 1128 2850 tu
1146 2825 1176 2861 γ
1193 2810 1243 2861 (3)
1262 2822 1270 2847 :
1300 2808 1365 2847 Tu
1386 2806 1438 2846 M
1452 2822 1462 2847 ι
1490 2807 1598 2846 Tum
1620 2807 1676 2844 Ie:
1707 2810 1752 2845 ut
1775 2810 1847 2844 tuo
1867 2803 1903 2842 L

245 2881 296 2919 13
325 2869 466 2909 dicere
485 2865 637 2909 om.M
764 2878 812 2916 14
831 2871 875 2905 te
894 2879 979 2906 om.
995 2863 1049 2902 M
1195 2875 1248 2914 25
1269 2866 1654 2902 commemorantur
1667 2858 1720 2898 M
1852 2871 1902 2909 27

240 2923 649 2964 demonstrationem
665 2951 676 2962 .
697 2951 708 2961 .
724 2950 734 2960 .
753 2925 1119 2960 commemoratam
1134 2930 1217 2958 om.
1233 2915 1284 2955 M
1353 2917 1428 2956 abs
1447 2945 1455 2954 .
1473 2945 1483 2956 .
1503 2943 1513 2953 .
1534 2919 1902 2954 commemoratam

239 2977 400 3017 seclusit
415 2976 579 3027 Kayser
683 2987 737 3026 29
766 2974 903 3024 inquit
918 2973 1130 3013 Antonius
1151 2984 1235 3012 om.
1259 2969 1311 3009 M
1417 2969 1632 3010 Antonius
1652 2981 1736 3008 om.
1759 2967 1796 3006 L

294 3057 374 3086 cic.
400 3056 455 3085 m:
476 3057 604 3083 οκΑτ.
1769 3038 1796 3075 9
