2150 3444
73 150 236 199 41175
721 138 791 187 M.
830 138 1039 186 TVLLI
1078 136 1460 187 CICERONIS

261 275 573 340 explicemuS,
602 276 690 326 sed
712 284 767 326 ut
791 274 1087 326 doctissimis
1117 273 1403 324 hominibus
1443 290 1561 324 usus
1596 272 1749 324 nostri
1781 271 1922 338 quasi

263 359 508 421 quaedam
544 357 732 407 monita
767 358 1027 406 tradamus.
1103 355 1204 405 Hic
1244 355 1388 419 igitur
1420 354 1543 404 locis
1576 354 1632 404 in
1670 364 1838 405 mente
1871 363 1923 405 et

265 437 560 501 cogitatione
584 437 756 487 defixis
788 446 837 487 et
869 436 921 486 in
956 436 1093 486 omni
1127 454 1178 486 re
1213 437 1277 486 ad
1312 435 1582 486 dicendum
1615 435 1778 500 posita
1798 435 1925 486 exci-

265 517 390 578 tatis,
417 517 539 566 nihil
572 517 661 567 erit
696 519 832 581 quod
865 527 1105 567 oratorem
1138 519 1348 581 effugere
1382 516 1538 581 possit
1569 533 1672 566 non
1695 518 1849 566 modo
1871 515 1924 565 in

266 597 542 648 forensibus
590 597 1041 662 disceptationibuS,
1094 600 1182 648 sed
1238 596 1444 647 omnino
1489 597 1541 646 in
1592 599 1695 646 ullo
1747 611 1926 661 genere
1948 611 1972 654 5

165 690 244 745 17⁶
267 679 479 729 dicendi.
554 680 603 729 Si
639 697 754 730 vero
791 682 1099 744 adsequetur,
1135 689 1189 729 ut
1224 679 1333 729 talis
1370 679 1605 740 videatur,
1640 680 1838 743 qualem
1872 694 1927 729 se

267 760 421 811 videri
454 761 569 810 velit
605 770 654 811 et
688 760 879 810 animos
915 778 1085 810 eorum
1127 758 1195 809 ita
1234 759 1444 819 adficiat,
1477 761 1610 824 apud
1640 776 1766 823 quos
1800 768 1924 823 aget,

266 850 322 891 ut
357 858 442 891 eos
474 858 791 905 quocumque
823 842 940 892 velit
972 844 1048 891 vel
1081 844 1269 891 trahere
1300 844 1378 891 vel
1410 859 1578 906 rapere
1609 841 1777 907 possit,
1805 840 1928 890 nihil

268 924 489 986 profecto
514 931 763 986 praeterea
786 924 850 972 ad
875 923 1144 972 dicendum
1168 923 1392 987 requiret.

338 1005 445 1052 Iam
483 1002 605 1052 illud
640 1001 866 1052 videmus
907 1019 1220 1067 nequaquam
1268 1003 1383 1053 satis
1423 1020 1530 1053 esse
1564 1002 1774 1068 reperire
1808 1002 1930 1067 quid
1955 1019 2005 1049 10

169 1095 244 1140 177
269 1082 419 1143 dicas,
446 1082 540 1132 nisi
563 1082 615 1132 id
640 1081 894 1132 inventum
920 1092 1123 1133 tractare
1147 1083 1305 1147 possis
1322 1102 1336 1144 3
1370 1083 1594 1134 tractatio
1616 1092 1783 1134 autem
1800 1083 1932 1134 varia

270 1180 377 1213 esse
413 1164 576 1223 debet,
615 1180 678 1213 ne
713 1171 798 1212 aut
832 1174 1098 1227 cognoscat
1133 1173 1286 1214 artem
1322 1165 1407 1228 qui
1443 1164 1611 1214 audiat
1645 1173 1730 1214 aut
1763 1165 1934 1215 defeti-

268 1254 408 1308 getur
445 1244 778 1294 similitudinis
816 1245 1066 1295 satietate:
1113 1245 1324 1310 proponi
1359 1254 1552 1309 oportet
1586 1246 1708 1309 quid
1742 1238 1934 1296 adferas

270 1334 320 1375 et
351 1341 450 1389 qua
477 1342 529 1374 re
560 1324 628 1374 ita
663 1325 725 1374 sit
760 1327 1054 1386 ostendere3
1095 1343 1154 1376 ex
1190 1326 1376 1376 eisdem
1406 1324 1500 1375 illis
1531 1326 1653 1376 locis
1684 1326 1932 1377 interdum

269 1407 579 1465 concludere,
630 1406 905 1470 relinquere
951 1407 1069 1456 alias
1115 1407 1312 1470 alioque
1357 1406 1559 1457 transire
1575 1426 1590 1468 3
1638 1396 1784 1471 saepe
1829 1424 1933 1458 non
1958 1420 2006 1463 15

269 1503 545 1552 proponere
591 1503 649 1536 ac
694 1487 883 1537 ratione
929 1486 1034 1551 ipsa
1074 1490 1342 1538 adferenda
1387 1488 1508 1551 quid
1554 1489 1934 1552 proponendum

270 1568 427 1628 fuerit,
467 1569 713 1617 declarare
730 1586 743 1629 3
792 1567 833 1616 si
868 1569 948 1617 cui
983 1569 1104 1633 quid
1141 1569 1298 1619 simile
1333 1568 1481 1629 dicas,
1520 1569 1654 1633 prius
1689 1578 1743 1618 ut
1777 1568 1937 1619 simile

273 1646 450 1716 [dicas]
500 1650 774 1709 confirmes,
825 1649 1008 1699 deinde
1062 1652 1198 1713 quod
1245 1650 1416 1714 agitur,
1465 1649 1739 1714 adiungas3
1794 1649 1938 1700 inter-

273 1739 458 1794 puncta
514 1739 913 1793 argumentorum
976 1733 1267 1795 plerumque
1325 1733 1536 1790 occulaS,
1590 1748 1655 1781 ne
1711 1729 1822 1795 quis
1878 1747 1939 1781 ea

275 1828 531 1862 numerare
571 1811 738 1875 possit,
783 1821 837 1860 ut
877 1829 928 1860 re
969 1812 1341 1875 distinguantur,
1379 1811 1539 1861 verbis
1580 1813 1786 1861 confusa
1830 1827 1938 1862 esse
1962 1825 2012 1855 20

276 1892 546 1942 videantur.

349 1976 493 2023 Haec
531 1989 799 2037 properans
835 1984 889 2023 ut
924 1983 973 2024 et
1008 1977 1142 2038 apud
1180 1976 1356 2024 doctos
1398 1983 1447 2024 et
1486 1974 1789 2024 semidoctus
1830 1973 1936 2039 ipse

277 2069 519 2118 percurro,
552 2064 607 2103 ut
641 2054 911 2118 aliquando
943 2057 1007 2105 ad
1043 2055 1127 2104 illa
1163 2055 1348 2105 maiora
1380 2055 1665 2105 veniamus:
1702 2055 1826 2104 nihil
1862 2043 1936 2106 est

277 2135 411 2184 enim
445 2135 495 2183 in
529 2135 758 2196 dicendo,
788 2138 978 2196 Catule,
1007 2136 1179 2196 maius,
1208 2154 1356 2200 quam
1390 2146 1445 2186 ut
1477 2139 1636 2187 faveat
1666 2137 1845 2187 oratori
1877 2137 1933 2197 is,

187 1946 255 1995 42

177 2022 192 2051 ι
205 2013 254 2065 78

278 2216 364 2280 qui
405 2216 585 2276 audiet,
625 2216 796 2279 utique
837 2216 942 2280 ipse
984 2217 1053 2266 sic
1097 2227 1361 2278 moveatur,
1399 2227 1453 2267 ut
1490 2217 1679 2282 impetu
1717 2219 1935 2282 quodam
1962 2232 2010 2272 25
2080 2277 2084 2279 ,

278 2296 430 2345 animi
468 2305 517 2346 et
557 2297 924 2361 perturbatione
972 2298 1125 2362 magis
1173 2316 1322 2363 quam
1369 2298 1555 2349 iudicio
1602 2308 1687 2348 aut
1729 2299 1938 2348 consilio

279 2387 470 2442 regatur
493 2396 502 2426 :
538 2379 678 2441 plura
696 2377 828 2427 enim
849 2380 1007 2429 multo
1032 2373 1260 2429 homines
1286 2380 1506 2430 iudicant
1525 2380 1644 2430 odio
1662 2389 1747 2429 aut
1769 2395 1938 2429 amore

279 2467 364 2508 aut
388 2458 657 2522 cupiditate
686 2467 770 2508 aut
800 2459 1054 2510 iracundia
1086 2469 1171 2510 aut
1204 2463 1374 2511 dolore
1408 2470 1492 2510 aut
1523 2460 1709 2510 laetitia
1735 2469 1820 2510 aut
1850 2477 1937 2524 spe

279 2548 365 2590 aut
396 2539 572 2590 timore
604 2551 688 2591 aut
721 2559 880 2592 errore
913 2551 998 2591 aut
1030 2542 1194 2606 aliqua
1229 2542 1538 2606 permotione
1573 2541 1751 2592 mentis
1787 2558 1937 2606 quam

336 2666 390 2706 M
406 2687 440 2701 =
461 2668 600 2708 ΑΕΗ
762 2682 780 2708 1
813 2670 974 2709 nostris
994 2669 1047 2707 M
1233 2672 1261 2709 6
1288 2673 1525 2721 assequitur
1543 2671 1579 2710 L
1713 2683 1767 2710 vse
1786 2683 1869 2710 om.
1890 2669 1949 2710 M

284 2735 335 2761 12
364 2729 643 2772 cognoscatur
662 2725 763 2763 item
782 2725 853 2774 qui
873 2723 926 2761 M
1075 2738 1121 2774 17
1152 2726 1185 2764 si
1206 2726 1407 2775 quidquid
1428 2724 1481 2763 M
1627 2725 1675 2763 18
1704 2725 1820 2765 dicas
1839 2738 1938 2765 con-

283 2776 425 2815 firmes
446 2776 521 2815 M:
551 2779 665 2818 dicas
692 2792 772 2818 om.
798 2779 834 2817 L
1005 2780 1052 2817 18
1081 2778 1350 2829 interpuncta
1371 2791 1460 2819 rece.
1485 2779 1615 2828 (inter
1643 2778 1831 2819 mendose
1855 2791 1936 2818 cor-

281 2835 455 2880 ruptum
489 2830 582 2882 A):
639 2838 798 2883 puncta
830 2845 902 2872 m:
957 2832 1214 2872 interiuncta
1247 2833 1410 2872 Nonius
1439 2840 1483 2885 p.
1514 2834 1590 2882 148
1700 2846 1749 2883 19
1766 2832 1937 2872 occulas

279 2884 467 2925 Nonius:
502 2887 687 2926 occultes
707 2885 778 2927 M:
810 2892 856 2926 ut
873 2885 1039 2926 occulas
1067 2885 1104 2925 L
1215 2900 1269 2927 20
1296 2887 1439 2927 verbis
1458 2900 1512 2926 ne
1533 2885 1608 2926 M:
1635 2887 1772 2926 verbis
1793 2900 1871 2926 nec
1892 2899 1936 2925 m

280 2951 330 2978 21
361 2939 555 2979 videatur
577 2939 629 2978 M
788 2953 840 2979 22
870 2940 1126 2981 semidoctos
1148 2941 1233 2980 mL
