2150 3444
773 151 869 199 DE
905 148 1247 200 ORATORE
1319 151 1373 198 II

241 285 573 359 puniciosum
590 294 676 337 aut
700 285 872 336 inutile
897 285 971 346 sit,
999 285 1051 336 id
1075 287 1261 335 factum
1276 302 1470 350 augeaS,
1492 287 1663 338 odium
1682 299 1902 354 creatur3

241 367 332 430 sin,
359 369 497 433 quod
521 376 606 418 aut
634 367 686 417 in
714 368 876 417 bonos
910 366 1039 419 viros
1070 375 1156 415 aut
1181 366 1232 415 in
1261 383 1360 430 θος,
1389 383 1515 430 quos
1548 369 1751 419 minime
1776 371 1903 435 quis-

241 465 341 514 que
362 448 603 510 debuerit,
620 457 706 498 aut
729 448 781 498 in
805 464 909 498 rem
932 447 1199 512 publicam,
1219 456 1326 498 tum
1351 448 1600 510 excitatur,
1619 450 1658 499 si
1675 468 1777 500 non
1802 461 1902 501 tam

240 530 476 583 acerbum
509 528 695 591 odium,
731 537 899 578 tamen
927 537 1013 578 aut
1045 527 1260 578 invidiae
1289 537 1374 578 aut
1406 529 1491 579 odi
1521 547 1622 580 non
1655 531 1903 582 dissimilis

194 629 220 675 5
241 611 450 662 offensio
469 630 483 673 ;
534 611 654 662 item
678 610 825 660 timor
848 609 1083 659 incutitur
1113 619 1198 659 aut
1231 627 1290 659 ex
1324 610 1544 674 ipsorum
1569 612 1796 675 periculis
1820 622 1905 662 aut

242 709 303 743 ex
325 691 706 742 communibus:
742 690 944 740 interior
974 699 1049 740 est
1077 690 1160 740 ille
1184 690 1441 755 proprius;
1478 693 1566 741 sed
1599 692 1679 743 hic
1704 709 1905 757 quoque

241 772 521 824 communis
543 774 610 822 ad
634 772 846 822 eandem
879 770 1253 821 similitudinem
1280 780 1355 821 est
1378 773 1738 836 perducendus.
1812 776 1905 822 Par

240 862 392 918 atque
409 869 508 903 una
531 851 654 902 ratio
678 860 752 901 est
776 851 895 917 spei,
914 850 1142 913 laetitiae,
1161 851 1416 902 molestiae
1433 871 1446 914 ;
1482 855 1570 903 sed
1595 855 1728 904 haud
1753 853 1905 904 sciam

240 958 306 995 an
340 940 604 991 acerrimus
638 942 786 1003 longe
821 939 884 989 sit
918 939 1143 990 omnium
1179 949 1344 990 motus
1374 940 1586 991 invidiae
1621 959 1714 991 nec
1743 941 1905 991 minus

169 1037 222 1071 ιο
242 1021 418 1072 virium
463 1037 590 1085 opus
637 1019 699 1070 sit
745 1020 797 1069 in
836 1037 895 1070 ea
937 1020 1314 1086 comprimenda
1354 1038 1504 1085 quam
1541 1022 1593 1071 in
1631 1023 1902 1072 excitanda.

242 1102 477 1153 Invident
513 1109 680 1151 autem
715 1100 943 1151 homines
980 1101 1192 1151 maxime
1227 1102 1426 1166 paribus
1461 1112 1546 1152 aut
1581 1102 1902 1164 inferioribuS,

241 1199 358 1238 cum
382 1199 436 1233 se
471 1181 667 1232 relictos
698 1181 930 1243 sentiunt,
969 1181 1078 1232 illos
1111 1191 1278 1232 autem
1315 1184 1487 1233 dolent
1516 1186 1734 1234 evolasse
1754 1203 1768 1246 3
1817 1186 1906 1236 sed

242 1263 392 1314 etiam
416 1261 749 1328 superioribus
778 1262 1024 1312 invidetur
1054 1279 1203 1327 saepe
1226 1265 1545 1314 vehementer
1576 1273 1626 1314 et
1649 1282 1710 1316 eo
1734 1265 1903 1329 magiS‚

241 1344 285 1400 si
306 1343 648 1401 intolerantius
672 1359 726 1393 se
757 1343 941 1393 iactant
973 1354 1022 1393 et
1053 1343 1455 1408 aequabilitatem
1485 1346 1765 1396 communis
1788 1347 1906 1398 iuris

169 1447 219 1491 15
241 1424 538 1491 praestantia
562 1423 813 1489 dignitatis
849 1433 934 1474 aut
963 1426 1189 1475 fortunae
1221 1441 1339 1475 suae
1374 1434 1659 1490 transeunt3
1709 1444 1836 1492 quae
1864 1427 1905 1479 si

241 1507 598 1558 inflammanda
632 1515 761 1566 sunt,
801 1505 1013 1556 maxime
1048 1506 1320 1557 dicendum
1356 1517 1430 1558 est
1465 1525 1568 1558 non
1597 1525 1707 1559 esse
1728 1509 1906 1560 virtute

241 1597 422 1657 parata,
464 1587 649 1639 deinde
695 1586 845 1636 etiam
886 1586 1014 1637 vitiis
1052 1596 1202 1652 atque
1249 1589 1479 1652 peccatis,
1520 1598 1642 1651 tum,
1682 1590 1723 1640 si
1762 1600 1906 1641 erunt

241 1667 527 1720 honestiora
549 1676 700 1732 atque
721 1667 956 1732 graviora,
985 1676 1151 1719 tamen
1181 1685 1284 1719 non
1309 1686 1417 1720 esse
1449 1679 1586 1721 tanta
1609 1671 1692 1721 illa
1715 1672 1902 1734 merita,

241 1759 478 1816 quantam
515 1748 831 1800 insolentiam
873 1749 1090 1800 hominis
1126 1759 1468 1815 quantumque
1503 1752 1790 1815 fastidium3
1840 1754 1905 1803 ad

167 1855 221 1889 20
240 1833 519 1884 sedandum
553 1839 735 1893 autem,
765 1847 948 1896 magno
982 1830 1067 1881 illa
1096 1831 1279 1892 labore,
1317 1832 1507 1896 magnis
1535 1832 1763 1896 periculis
1798 1850 1906 1884 esse

240 1922 380 1980 parta
401 1913 585 1966 nec-ad
599 1928 746 1962 suum
763 1913 1104 1972 commodum,
1124 1913 1212 1962 sed
1235 1914 1301 1964 ad
1324 1912 1532 1964 aliorum
1548 1930 1656 1964 esse
1680 1916 1906 1977 conlata;

239 2013 459 2062 eumque,
486 1997 527 2049 si
551 2014 703 2064 quarn
727 1997 935 2063 gloriam
962 1998 1214 2062 peperisse
1247 1998 1483 2059 videatur,
1518 2007 1685 2049 tamen
1721 1999 1812 2050 etsi
1847 2016 1906 2049 ea

238 2095 345 2131 non
388 2078 452 2132 sit
497 2078 670 2144 iniqua
714 2096 903 2131 merces
950 2078 1169 2143 periculi,
1213 2088 1380 2129 tamen
1419 2096 1478 2129 ea
1523 2096 1626 2130 non
1672 2080 1905 2130 delectari

238 2167 496 2224 totamque
517 2160 713 2212 abicere
726 2169 877 2226 atque
900 2162 1183 2226 deponere3
1219 2160 1524 2224 omninoque
1548 2160 1904 2225 perficiendum

166 2260 217 2304 ²5
240 2250 328 2304 est,
354 2241 592 2307 quoniam
621 2242 843 2307 plerique
872 2251 988 2293 sunt
1019 2242 1174 2292 invidi
1210 2242 1522 2306 maximeque
1553 2244 1651 2292 hoc
1675 2251 1750 2292 est
1774 2259 1905 2292 com-

239 2340 393 2374 mune
436 2323 611 2375 vitium
663 2332 712 2374 et
763 2331 1072 2388 perpetuum,
1129 2322 1375 2376 invidetur
1425 2331 1592 2372 autem
1638 2323 1903 2386 praestanti

239 2405 533 2471 florentique
568 2408 807 2468 fortunae,
857 2414 913 2457 ut
953 2407 1077 2456 haec
1115 2405 1286 2470 opinio
1326 2405 1575 2455 minuatur
1621 2415 1670 2454 et
1709 2405 1791 2454 illa
1828 2422 1905 2454 ex-

239 2489 423 2539 cellens
446 2487 684 2553 opinione
707 2489 905 2538 fortuna
937 2504 1052 2537 cum
1084 2487 1336 2543 laboribus
1362 2497 1411 2537 et
1436 2487 1640 2537 miseriis
1665 2486 1904 2550 permixta

291 2616 347 2657 M
361 2636 398 2653 =
417 2615 555 2657 AEH
683 2629 710 2666 4
739 2615 898 2657 invidia
917 2614 954 2653 L
974 2616 1085 2667 vulg.
1199 2615 1227 2653 6
1255 2620 1320 2655 est
1339 2614 1411 2654 ille
1432 2616 1631 2666 proprius
1651 2616 1727 2655 sed
1748 2628 1833 2658 om.
1855 2613 1909 2653 M

239 2672 367 2726 (xxxi
381 2671 454 2712 litt.
474 2676 534 2721 sp.
552 2683 636 2711 vac.
655 2669 723 2722 H)
899 2682 922 2720 7
952 2671 1188 2720 perducere
1209 2670 1298 2720 (viii
1311 2669 1383 2709 litt.
1404 2676 1462 2722 sp.
1485 2682 1570 2709 vac.
1590 2668 1659 2720 H)
1679 2667 1734 2707 M
1875 2683 1904 2719 9

237 2727 368 2778 longe
383 2727 439 2766 sit
457 2725 510 2764 H
523 2738 620 2765 corr.
638 2739 647 2766 :
679 2737 767 2765 non
787 2724 921 2775 gessit
941 2723 994 2762 M
1135 2735 1186 2762 12
1214 2736 1309 2763 cum
1332 2753 1341 2763 .
1369 2754 1379 2763 .
1405 2753 1415 2763 .
1439 2724 1733 2775 superioribus
1753 2736 1834 2763 om.
1854 2722 1909 2762 M

242 2793 292 2830 13
320 2780 567 2820 invidentur
584 2777 638 2818 M
745 2790 794 2829 17
826 2785 947 2829 parta
966 2778 1008 2816 A
1030 2778 1142 2829 vulg.
1259 2779 1310 2817 18
1330 2778 1434 2817 tanti
1456 2779 1540 2818 ulla
1558 2777 1672 2818 codd.
1697 2792 1706 2817 ε
1736 2779 1907 2818 correxit

237 2835 403 2885 Kayser
565 2846 616 2884 19
634 2838 792 2883 quanta
807 2832 1036 2872 insolentia
1052 2831 1164 2872 codd.
1182 2845 1192 2871 ε
1222 2833 1392 2872 correxit
1406 2831 1541 2883 Soros
1669 2832 1731 2872 sas
1761 2837 1902 2872 autem

239 2901 395 2939 magno
423 2886 478 2926 M
505 2887 628 2938 (xxvi
650 2887 720 2927 litt.
751 2891 854 2938 spat.
886 2899 972 2926 vac.
996 2887 1062 2937 H)
1220 2898 1273 2925 22
1302 2899 1482 2937 eumque
1510 2887 1545 2926 si
1572 2899 1697 2938 quam
1716 2886 1903 2926 Piderit:

237 2955 350 2993 quae
367 2954 487 2982 suam
507 2940 560 2979 M
570 2956 579 2980 ε
610 2953 718 2991 quae
742 2941 780 2979 si
805 2953 931 2990 quam
959 2940 1123 2982 Baiter:
1153 2953 1336 2990 seseque
1360 2941 1395 2980 si
1423 2941 1600 2991 quamL
1710 2941 1905 2981 videatur

239 2995 327 3039 ML
347 2996 486 3049 vulg:
520 2995 747 3036 videantur
765 2993 909 3035 Baiter
962 3031 966 3035 .
1014 2996 1068 3036 26
1097 3000 1372 3046 pervagatum
1392 2993 1430 3033 L
1455 2995 1568 3048 vulg.
1771 3048 1795 3074 *

1921 164 2079 216 51'208

1931 632 2009 675 ²09

1927 789 1991 839 52

1931 1777 2008 1807 210
