2150 3444
110 154 175 206 59
193 162 265 204 251

193 1026 266 1068 ²5²

191 1828 267 1870 ²53

748 139 818 188 M.
857 138 1068 188 TVLLI
1106 137 1489 189 CICERONIS

291 278 551 328 elaborare.
627 276 764 340 Quid
801 285 874 327 est
916 276 1094 326 oratori
1132 285 1233 325 tam
1269 275 1598 327 necessarium
1636 294 1786 342 quam
1816 281 1948 330 vox?

291 361 482 410 Tamen
529 376 608 409 me
654 367 854 409 auctore
900 375 1049 408 nemo
1095 357 1294 408 dicendi
1348 357 1597 409 studiosus
1644 361 1945 411 Graecorum

291 457 427 490 more
473 441 816 503 tragoedorum
862 439 972 489 voci
1019 438 1205 499 serviet,
1255 437 1340 502 qui
1386 447 1435 488 et
1479 455 1637 490 annos
1683 440 1947 506 compluris

288 523 518 574 sedentes
565 521 881 572 declamitant
919 530 967 570 et
1014 519 1208 580 cotidie,
1256 528 1371 569 ante
1418 536 1567 584 quam
1612 521 1944 585 pronuntient,

290 619 464 652 vocem
501 603 736 653 cubantes
775 602 956 653 sensim
993 601 1204 651 excitant
1239 602 1563 665 eandemque,
1590 618 1704 652 cum
1728 610 1944 666 egerunt,
1969 620 1992 662 5

291 684 518 735 sedentes
550 684 614 733 ab
637 683 920 734 acutissimo
957 699 1081 733 sono
1116 698 1272 746 usque
1307 684 1371 732 ad
1406 682 1744 746 gravissimum
1768 699 1946 734 sonum

290 764 530 828 recipiunt
571 774 619 815 et
660 765 799 828 quasi
841 765 1058 828 quodam
1095 764 1248 813 modo
1287 762 1551 827 conligunt.
1627 766 1745 814 Hoc
1778 781 1871 815 nos
1905 764 1947 814 si

290 846 448 894 facere
505 844 724 905 velimus,
773 854 887 894 ante
945 845 1338 894 condemnentur
1394 844 1453 904 ei,
1511 861 1720 908 quorum
1774 861 1946 895 causas

290 926 630 989 receperimus,
658 943 807 989 quam
833 926 1025 985 totiens,
1054 925 1281 988 quotiens
1313 925 1669 989 praescribitur,
1697 929 1945 975 Paeanem

290 1017 374 1057 aut
411 1009 650 1070 hymnum
685 1007 997 1056 recitarimus.
1073 998 1239 1068 Quod
1260 1006 1301 1055 si
1333 1005 1384 1054 in
1421 1015 1575 1069 gestu,
1613 1006 1699 1070 qui
1734 1008 1944 1056 multum
1970 1025 2017 1056 10
2087 1006 2090 1008 ’

289 1096 533 1138 oratorem
556 1087 768 1147 adiuvat,
796 1096 844 1136 et
867 1087 918 1135 in
941 1103 1076 1146 voce,
1104 1102 1231 1150 quae
1256 1103 1354 1135 una
1378 1086 1589 1136 maxime
1613 1086 1945 1151 eloquentiam

289 1170 366 1218 vel
411 1169 728 1218 commendat
765 1169 842 1217 vel
880 1168 1099 1227 sustinet,
1138 1167 1390 1216 elaborare
1427 1167 1572 1217 nobis
1607 1184 1709 1217 non
1740 1167 1855 1217 licet
1885 1184 1946 1218 ac

289 1258 479 1298 tantum
505 1249 555 1298 in
579 1258 787 1313 utroque
819 1248 1024 1312 adsequi
1056 1265 1332 1312 possumus,
1360 1256 1600 1311 quantum
1625 1247 1676 1296 in
1711 1249 1805 1297 hac
1838 1247 1946 1298 acie

289 1330 524 1380 cotidiani
560 1330 773 1380 muneris
811 1330 935 1393 spati
971 1329 1114 1379 nobis
1156 1331 1311 1390 datur,
1350 1338 1536 1393 quanto
1575 1328 1737 1378 minus
1772 1337 1846 1378 est
1879 1330 1946 1380 ad

288 1410 402 1461 iuris
464 1410 616 1460 civilis
679 1410 989 1475 perdiscendi
1059 1409 1436 1473 occupationem
1499 1410 1945 1460 descendendum?
1971 1422 2019 1464 15

289 1493 442 1553 Quod
483 1500 531 1541 et
573 1491 854 1541 summatim
893 1491 1077 1554 percipi
1125 1490 1229 1540 sine
1265 1489 1489 1539 doctrina
1528 1498 1691 1554 potest
1731 1498 1780 1540 et
1813 1490 1944 1539 hanc

288 1572 437 1622 habet
472 1573 537 1621 ab
572 1572 665 1622 illis
703 1573 849 1622 rebus
887 1571 1350 1632 dissimilitudinem,
1389 1573 1526 1635 quod
1563 1588 1658 1621 vox
1699 1580 1747 1621 et
1781 1580 1946 1635 gestus

288 1652 452 1702 subito
494 1653 621 1702 sumi
657 1662 705 1703 et
745 1653 944 1703 aliunde
978 1652 1136 1716 adripi
1175 1669 1276 1703 non
1311 1661 1488 1716 potest,
1516 1652 1631 1702 iuris
1666 1652 1848 1703 utilitas
1881 1655 1947 1704 ad

288 1749 536 1798 quamque
562 1751 760 1784 causam
785 1734 1007 1798 quamvis
1031 1742 1231 1797 repente
1262 1735 1339 1782 vel
1362 1750 1392 1783 a
1422 1733 1589 1797 peritis
1614 1735 1691 1783 vel
1714 1735 1778 1784 de
1813 1733 1946 1784 libris

289 1815 512 1877 depromi
536 1824 710 1879 potest.
786 1817 960 1879 Itaque
996 1814 1064 1863 illi
1100 1813 1404 1864 disertissimi
1439 1814 1666 1864 homines
1698 1813 1945 1868 ministros
1970 1828 2021 1859 ²0

289 1895 474 1943 habent
498 1895 549 1943 in
582 1895 739 1945 causis
772 1895 885 1945 iuris
910 1895 1105 1959 peritos,
1134 1912 1247 1945 cum
1273 1895 1365 1958 ipsi
1390 1894 1486 1945 sint
1511 1894 1871 1959 imperitissimi,
1898 1895 1945 1946 ei

289 1975 387 2039 qui,
415 1985 470 2025 ut
492 1977 580 2026 abs
614 1986 662 2026 te
699 1979 847 2040 paulo
879 1986 993 2026 ante
1032 1976 1219 2026 dictum
1255 1985 1342 2036 est,
1368 1975 1655 2039 pragmatici
1679 1984 1915 2026 vocantur
1930 1994 1946 2037 3

287 2056 338 2105 in
379 2073 479 2120 quo
517 2058 669 2107 nostri
707 2057 911 2107 omnino
953 2056 1126 2107 melius
1168 2058 1338 2117 multo,
1382 2058 1519 2120 quod
1566 2055 1944 2107 clarissimorum
2010 2090 2011 2093 =

287 2138 546 2187 hominum
592 2139 879 2189 auctoritate
926 2141 1056 2202 leges
1095 2147 1144 2188 et
1190 2139 1294 2189 iura
1340 2147 1469 2188 tecta
1515 2154 1624 2187 esse
1668 2139 1939 2188 voluerunt.

288 2220 387 2269 Sed
411 2227 576 2268 tamen
600 2236 702 2269 non
726 2220 926 2282 fugisset
950 2221 1046 2269 hoc
1072 2221 1287 2270 Graecos
1311 2219 1551 2279 homineS,
1579 2219 1620 2268 si
1651 2218 1718 2268 ita
1741 2235 1943 2271 necesse
1967 2239 2018 2283 25

287 2315 395 2348 esse
417 2299 633 2349 arbitrati
665 2309 842 2360 essent,
870 2309 1111 2350 oratorem
1147 2300 1310 2364 ipsum
1345 2299 1538 2350 erudire
1572 2301 1625 2349 in
1659 2299 1763 2350 iure
1797 2299 1940 2360 civili,

231 2360 265 2396 ⁰
288 2395 389 2428 non
427 2379 472 2429 ei
512 2380 866 2445 pragmaticum
903 2381 1187 2432 ‘adiutorem
1234 2382 1362 2431 dare.
1459 2383 1591 2432 Nam
1637 2381 1775 2445 quod
1819 2380 1943 2431 dicis

191 2434 266 2477 ²54

287 2469 591 2517 senectutem
637 2479 667 2511 a
724 2462 989 2513 solitudine
1046 2462 1282 2512 vindicari
1339 2461 1454 2513 iuris
1513 2461 1666 2513 civilis
1723 2460 1941 2521 scientia,

286 2543 489 2593 fortasse
527 2543 674 2593 etiam
711 2544 951 2608 pecuniae
992 2543 1330 2608 magnitudine
1346 2561 1361 2605 3
1409 2545 1497 2594 sed
1544 2536 1636 2593 nos
1673 2559 1776 2593 non
1822 2541 1944 2607 quid

287 2624 430 2674 nobis
455 2625 585 2685 utile,
612 2642 780 2676 verum
815 2624 936 2689 quid
971 2624 1149 2676 oratori
1183 2625 1511 2675 necessarium
1544 2624 1618 2685 sit,
1646 2622 1937 2688 quaerimus.
1965 2643 2019 2685 30

289 2706 619 2769 Quamquam,
658 2706 893 2770 quoniam
931 2708 1085 2756 multa
1120 2707 1186 2756 ad
1227 2705 1430 2756 oratoris
1469 2704 1840 2756 similitudinem
1875 2703 1943 2754 ab

347 2847 396 2875 10
424 2837 626 2886 hymnum
658 2835 917 2876 recitarimus
942 2834 1125 2875 Ritschl:
1180 2835 1422 2875 munionem
1451 2834 1664 2874 citarimus
1691 2832 1826 2874 codd:
1866 2845 1939 2873 no-

288 2889 468 2928 mionem
486 2891 700 2929 citarimus
723 2891 761 2929 T
755 2890 896 2929 alaeus
1005 2903 1054 2929 21
1075 2889 1332 2941 peritissimi
1352 2888 1462 2930 codd.
1483 2903 1492 2929 :
1521 2888 1693 2930 correxit
1705 2886 1944 2928 Lambinus

289 2945 341 2983 26
370 2943 412 2982 in
432 2956 515 2983 om.
538 2943 665 2994 codd„
689 2943 785 2984 add.
811 2943 1030 2983 Manutius
1944 2952 1949 2957 ·
