2150 3444
767 123 863 172 DE
899 121 1241 172 ORATORE
1313 123 1367 171 11
1925 132 2094 189 ⁷9³²³

235 261 468 312 dicuntur
506 270 594 312 aut
629 263 883 327 arguendo
920 270 1005 311 aut
1047 262 1331 311 refellendo,
1420 260 1692 310 Maximam
1736 270 1902 311 autem
1927 277 2009 318 3²4

235 342 434 407 copiam
491 342 845 408 principiorum
900 344 966 392 ad
1018 342 1235 392 iudicem
1291 350 1378 392 aut
1425 341 1764 391 adliciendum
1817 352 1902 391 aut

235 422 545 474 incitandum
581 441 642 474 ex
676 423 746 473 eis
782 423 904 474 locis
929 424 1197 484 trahemuS,
1221 422 1308 487 qui
1339 423 1405 472 ad
1435 431 1601 471 motus
1625 422 1903 472 animorum

234 505 576 556 conficiendos
611 505 808 555 inerunt
842 505 894 554 in
930 521 1091 565 causa,
1128 521 1254 568 quos
1290 512 1459 553 tamen
1495 512 1626 552 totos
1662 503 1903 567 explicare

184 601 209 644 5
235 585 287 635 in
323 585 566 651 principio
611 603 715 635 non
761 586 1023 650 oportebit,
1074 586 1163 634 sed
1209 593 1404 634 tantum
1451 583 1639 648 impelli
1686 584 1902 634 iudicem

234 666 396 731 primo
434 666 616 727 leviter,
654 675 710 716 ut
757 666 856 716 iam
905 665 1142 716 inclinato
1185 665 1376 729 reliqua
1423 664 1680 714 incumbat
1730 665 1899 715 oratio,
1928 694 1998 743 80

235 749 498 799 Conexum
543 755 711 797 autem
746 746 814 796 ita
848 746 910 796 sit
951 745 1249 811 principium
1300 746 1626 810 consequenti
1676 745 1900 806 orationi,
1930 782 1977 821 32
1985 782 2008 823 5

234 837 291 879 ut
328 846 432 880 non
473 837 728 894 tamquam
761 827 1033 879 citharoedi
1073 827 1386 892 prooemium
1423 829 1663 878 adfictum
1698 827 1900 892 aliquid,

234 911 323 960 sed
352 911 624 960 cohaerens
647 926 763 960 cum
794 909 932 959 omni
967 925 1174 974 corpore
1208 910 1490 959 membrum
1520 926 1628 960 esse
1662 909 1898 960 videatur.

161 1006 213 1036 ιο
234 992 367 1041 Nam
391 1007 495 1041 non
517 990 654 1052 nulli,
681 1007 802 1040 cum·
821 989 944 1040 illud
969 989 1193 1040 meditati
1228 990 1504 1052 ediderunt,
1532 990 1603 1041 sic
1626 992 1691 1041 ad
1716 991 1903 1056 reliqua

233 1081 502 1133 transeunt,
563 1081 619 1122 ut
663 1071 969 1123 audientiam
1017 1071 1122 1122 fieri
1169 1071 1264 1121 sibi
1311 1089 1407 1121 non
1454 1074 1581 1123 velle
1626 1072 1898 1123 videantur.

232 1155 401 1218 Atque
436 1152 542 1203 eius
578 1152 716 1203 modi
751 1152 834 1202 illa
869 1151 1087 1217 prolusio
1128 1153 1280 1203 debet
1316 1170 1437 1214 esse,
1476 1170 1579 1203 non
1620 1162 1676 1203 ut
1713 1153 1902 1204 Samni-

231 1232 371 1294 tium,
397 1232 484 1297 qui
507 1232 702 1282 vibrant
725 1234 898 1282 hastas.
921 1242 1037 1283 ante
1072 1249 1304 1298 pugnam,
1332 1233 1514 1298 quibus
1543 1233 1595 1283 in
1630 1235 1901 1299 pugnando

232 1313 356 1363 nihil
379 1323 597 1376 utuntur,
625 1315 714 1364 sed
738 1322 793 1364 ut
816 1313 935 1379 ipsis
971 1314 1240 1375 sententiiS‚
1269 1315 1450 1380 quibus
1485 1315 1794 1381 proluserim,
1822 1317 1900 1365 vel

160 1413 206 1454 15
231 1411 451 1460 pugnare
475 1395 678 1460 possint.

299 1478 509 1527 Narrare
540 1494 656 1527 vero
679 1493 784 1527 rem
809 1479 947 1542 quod
980 1477 1190 1528 breviter
1219 1477 1410 1541 iubent,
1435 1478 1476 1528 si
1500 1477 1712 1528 brevitas
1735 1481 1900 1543 appel·
1924 1484 2006 1538 326

229 1559 380 1608 landa
402 1567 493 1620 est,
511 1575 627 1608 cum
645 1559 852 1609 verbum
877 1560 1068 1609 nullum
1093 1561 1353 1620 redundat,
1376 1559 1537 1610 brevis
1562 1569 1636 1610 est
1660 1562 1715 1609 L.
1736 1559 1900 1611 Crassi

229 1638 421 1701 oratio;
470 1638 547 1689 sin
588 1648 695 1689 tum
736 1649 811 1691 est
856 1640 1083 1702 brevitaS,
1134 1658 1250 1691 cum
1289 1650 1482 1691 tantum
1521 1642 1785 1691 verborum
1827 1651 1901 1691 est

229 1728 473 1784 quantum
519 1738 723 1771 necesse
765 1730 856 1784 est,
892 1722 1164 1786 aliquando
1205 1722 1258 1773 id
1299 1740 1425 1788 opus
1465 1732 1539 1773 est
1555 1741 1570 1784 3
1623 1725 1712 1774 sed
1753 1740 1902 1788 saepe

156 1821 209 1853 20
229 1801 373 1852 obest
396 1804 474 1852 vel
503 1802 717 1852 maxime
748 1802 801 1852 in
833 1805 1092 1863 narrando,
1122 1821 1224 1853 non
1262 1806 1424 1854 solum
1462 1805 1600 1868 quod
1635 1804 1901 1854 obscurita-

227 1891 330 1933 tem
359 1883 532 1944 adfert,
559 1884 648 1934 sed
677 1882 826 1933 etiam
859 1885 999 1948 quod
1030 1901 1141 1934 eam
1173 1883 1418 1946 virtutem,
1448 1901 1576 1949 quae
1609 1885 1900 1935 narrationis

225 1973 300 2015 est
324 1964 551 2026 maxima,
578 1974 633 2015 ut
657 1965 876 2016 iucunda
905 1975 954 2016 et
982 1968 1048 2017 ad
1081 1969 1485 2032 persuadendum
1518 1969 1899 2019 accommodata

225 2045 307 2119 sit,
327 2046 467 2097 tollit.
541 2046 759 2098 Videant
783 2047 867 2098 illa

427 2145 545 2179 nam
580 2129 621 2179 is
653 2139 923 2195 postquam
960 2130 1169 2181 excessit
1204 2148 1264 2181 ex
1300 2131 1507 2196 ephebis
1544 2171 1554 2181 .
1593 2171 1605 2181 .
1645 2170 1655 2181 .
1695 2170 1705 2181 .

151 2229 202 2272 ²5
225 2226 378 2275 quam
417 2213 566 2276 longa
605 2222 680 2263 est
720 2213 961 2264 narratio!
1049 2217 1219 2264 Mores
1269 2214 1601 2265 adulescentis
1648 2214 1800 2279 ipsius
1847 2225 1896 2266 et
1919 2228 1999 2273 327

224 2291 409 2342 servilis
454 2293 776 2357 percontatio,
827 2311 959 2344 mors
1009 2295 1278 2359 ChrysidiS,
1332 2297 1495 2354 vultus
1543 2305 1593 2345 et
1643 2297 1801 2345 forma
1846 2305 1895 2346 et

222 2373 511 2424 lamentatio
548 2374 744 2436 sororiS,
779 2375 967 2440 reliqua
1005 2376 1224 2441 pervarie
1267 2376 1585 2442 iucundeque
1622 2386 1891 2428 narrantur.

223 2455 376 2517 Quod
412 2453 452 2503 si
487 2456 616 2505 hanc
650 2456 941 2507 brevitatem
978 2457 1283 2522 quaesisset:

275 2582 330 2622 M
346 2604 380 2617 =
401 2583 538 2623 AEH
702 2599 719 2624 1
753 2587 934 2626 maxima
955 2593 1098 2627 autem
1120 2588 1239 2639 copia
1254 2587 1371 2641 M7L
1490 2603 1514 2628 2
1546 2596 1619 2629 aut
1640 2590 1721 2630 inc.
1738 2604 1822 2633 om.
1844 2588 1900 2631 M

220 2649 247 2688 3
275 2638 460 2678 trahitur
478 2638 516 2677 L
537 2654 546 2679 ε
575 2640 769 2679 trahetur
788 2641 954 2681 Ellendt
1161 2657 1187 2692 4
1217 2644 1420 2694 explicari
1441 2643 1479 2683 L
1501 2645 1611 2697 vulg.
1865 2648 1892 2686 8

220 2693 403 2732 affictum
417 2691 455 2731 L
470 2694 602 2746 vulga:
624 2694 837 2734 adfectum.
853 2694 906 2734 M
1022 2710 1050 2748 9
1069 2697 1353 2738 membrorum
1370 2697 1424 2737 M
1550 2713 1594 2738 11
1618 2699 1729 2739 velle
1750 2700 1860 2741 codd.
1881 2716 1891 2741 ε

222 2746 334 2787 nolle
352 2760 374 2786 e
392 2761 482 2789 recc.
502 2762 513 2788 :
541 2748 651 2788 velle
672 2762 759 2788 non
778 2749 982 2791 Friedrich
1112 2763 1161 2802 15
1191 2759 1372 2803 possunt
1390 2752 1445 2792 M
1569 2766 1623 2793 22
1652 2767 1891 2795 accommo-

221 2802 320 2841 data
339 2799 377 2839 L
397 2802 536 2854 vulg.:
568 2810 775 2854 occupata
792 2803 846 2843 M
951 2817 1005 2856 23
1034 2806 1208 2846 videant
1228 2821 1248 2846 e
1268 2819 1321 2858 32
1338 2822 1348 2847 ε
1378 2809 1527 2848 vident
1547 2807 1634 2847 ML
1656 2823 1665 2849 ε
1694 2810 1891 2851 videatur

218 2855 426 2896 Fn‘edn'ch
444 2871 454 2896 :
501 2857 698 2898 videlicet
735 2858 774 2897 Ο
791 2857 871 2911 Lg.
899 2872 923 2898 2
941 2875 950 2900 ε
996 2860 1063 2900 vel
1101 2860 1250 2901 Klotz:
1303 2868 1349 2902 ut
1382 2863 1497 2915 vulg.
1707 2878 1760 2914 24
1790 2878 1889 2906 nam

219 2909 353 2962 ipsast
372 2923 499 2961 quam
521 2910 575 2950 M
735 2914 894 2964 epheos
914 2913 969 2953 M
1127 2927 1179 2966 25
1209 2916 1320 2957 adul.
1343 2948 1352 2957 .
1377 2947 1387 2958 .
1414 2948 1422 2957 .
1445 2931 1559 2959 mors
1577 2931 1661 2960 om.
1689 2917 1744 2959 M
