2150 3444
92 198 157 249 54
178 205 249 245 231

739 186 809 234 M.
848 185 1058 235 TVLLI
1096 184 1476 237 CICERONIS

179 338 254 378 232
281 324 429 375 etiam
466 324 575 387 illis,
602 342 725 390 quas
757 325 933 377 iterum
966 325 1155 389 legibus
1190 327 1313 376 ferre
1348 326 1634 390 debebant;
1667 331 1770 379 erat
1803 327 1938 379 enim

281 406 490 457 Athenis
509 424 593 457 reo
611 409 861 468 damnato,
880 407 919 457 si
935 409 1064 457 fraus
1081 406 1299 471 capitalis
1315 424 1417 458 non
1433 417 1575 469 esset,
1592 409 1732 473 quasi
1745 425 1938 474 poenae

280 487 555 538 aestimatio
572 506 587 550 3
604 498 653 538 et
669 488 910 539 sententia
929 506 1043 538 cum
1062 488 1308 539 iudicibus
1327 491 1536 550 daretur,
1553 489 1939 555 interrogabatur

281 585 406 630 reuS,
444 586 593 634 quam
620 568 781 637 [quasi
815 568 1229 637 aestimationem]
1256 570 1606 621 commeruisse
1639 587 1693 622 se
1726 572 1939 622 maxime

283 652 606 701 confiteretur.
704 652 857 714 Quod
895 668 1008 701 cum
1046 651 1368 715 interrogatus
1415 654 1640 702 Socrates
1685 661 1828 713 esset,
1869 670 1940 703 re·
1962 670 1984 711 5

281 731 480 796 spondit
505 749 612 782 sese
636 732 872 782 meruisse
895 742 949 782 ut
972 732 1285 796 amplissimis
1321 734 1592 784 honoribus
1627 744 1677 783 et
1711 734 1939 799 praemiis

280 815 591 864 decoraretur
625 822 673 863 et
708 822 762 863 ut
791 813 836 863 ei
870 814 1028 864 victus
1067 814 1343 864 cotidianus
1374 815 1426 864 in
1459 818 1700 879 Prytaneo
1739 815 1940 879 publice

279 895 604 959 praeberetur,
649 894 734 958 qui
774 897 936 944 honos
981 897 1117 959 apud
1165 897 1380 945 Graecos
1426 895 1667 945 maximus
1714 896 1935 945 habetur.

179 988 257 1028 233
281 975 435 1026 Cuius
470 992 707 1039 responso
742 975 930 1026 iudices
967 976 1037 1025 sic
1072 985 1365 1037 exarserunt,
1392 985 1446 1025 ut
1479 976 1648 1040 capitis
1682 975 1939 1026 hominem

176 1760 240 1810 55

179 1837 257 1875 234

280 1055 742 1106 innocentissimum
785 1058 1209 1118 condemnarent3
1242 1057 1329 1121 qui
1369 1057 1571 1120 quidem
1607 1056 1648 1106 si
1684 1057 1939 1106 absolutus
1966 1073 2015 1104 10

280 1145 421 1196 esset,
448 1137 584 1200 quod
609 1153 689 1185 me
713 1138 925 1197 hercule,
944 1126 1091 1186 etiam
1116 1137 1157 1186 si
1181 1137 1303 1186 nihil
1325 1139 1391 1187 ad
1415 1154 1506 1186 nos
1530 1137 1752 1201 pertinet,
1773 1146 1940 1187 tamen

279 1226 478 1281 propter
513 1216 616 1266 eius
658 1216 825 1280 ingeni
864 1217 1256 1281 magnitudinem
1296 1220 1487 1278 vellem,
1531 1235 1750 1282 quonam
1786 1219 1942 1268 modo

280 1297 399 1347 istos
423 1297 747 1361 philosophos
773 1299 896 1347 ferre
919 1315 1192 1362 possemus,
1220 1297 1305 1362 qui
1329 1315 1477 1359 nunc,
1499 1314 1613 1347 cum
1637 1298 1719 1348 ille
1741 1299 1943 1348 damna-

280 1388 359 1428 tus
400 1387 474 1428 est
514 1380 700 1427 nullam
738 1378 886 1428 aliam
924 1379 993 1428 ob
1030 1381 1227 1442 culpam
1269 1378 1363 1428 nisi
1403 1387 1602 1442 propter
1638 1377 1839 1429 dicendi
1860 1368 1943 1427 in-

281 1459 551 1520 scientiam,
573 1468 740 1509 tamen
758 1475 788 1508 a
813 1476 866 1509 se
885 1468 1112 1523 oportere
1127 1460 1299 1510 dicunt
1316 1459 1418 1523 peti
1431 1469 1693 1524 praecepta
1707 1459 1943 1511 dicendi?
1969 1478 2016 1520 15

282 1541 595 1604 Quibuscum
636 1559 729 1607 ego
761 1559 864 1592 non
904 1557 1088 1605 pugno,
1125 1550 1290 1590 utrum
1326 1541 1388 1591 sit
1422 1540 1598 1591 melius
1632 1549 1719 1590 aut
1751 1541 1941 1591 verius:

280 1632 472 1673 tantum
513 1624 627 1674 dico
665 1633 714 1674 et
748 1624 883 1674 aliud
920 1623 1043 1673 illud
1078 1639 1186 1672 esse
1213 1631 1362 1686 atque
1389 1623 1487 1672 hoc
1515 1631 1564 1672 et
1595 1623 1694 1673 hoc
1716 1621 1824 1674 sine
1856 1621 1943 1673 illo

281 1722 530 1754 summum
555 1723 662 1755 esse
686 1722 844 1769 posse.

349 1788 479 1835 Nam
513 1788 650 1850 quod
681 1786 757 1835 ius
796 1786 951 1846 civile,
984 1787 1175 1846 Crasse,
1210 1793 1312 1834 tam
1340 1786 1659 1835 vehementer
1687 1786 1942 1850 amplexus

281 1884 348 1927 es,
374 1867 520 1916 video
545 1867 667 1931 quid
692 1867 845 1931 egeris
864 1885 878 1927 3
912 1875 1034 1926 tum,
1061 1883 1175 1915 cum
1200 1866 1416 1926 dicebaS,
1443 1866 1674 1915 videbam
1691 1884 1706 1927 3
1729 1866 1941 1930 primum
1967 1887 2018 1915 20

282 1950 546 1999 Scaevolae
585 1957 635 1998 te
675 1948 868 2008 dedisti,
907 1964 1057 2011 quem
1094 1964 1268 1996 omnes
1307 1964 1473 1996 amare
1503 1946 1815 1996 meritissimo
1851 1963 1942 2011 pro

281 2028 386 2077 eius
411 2028 587 2078 eximia
611 2029 849 2078 suavitate
884 2029 1126 2077 debemus
1147 2046 1162 2088 3
1186 2027 1324 2076 cuius
1347 2036 1503 2076 artem
1528 2043 1643 2076 cum
1666 2026 1940 2076 indotatam

282 2126 391 2159 esse
414 2118 462 2158 et
485 2109 790 2172 incomptam
813 2109 1019 2170 videres,
1045 2108 1308 2158 verborum
1333 2124 1443 2156 eam
1478 2108 1597 2157 dote
1631 2107 1942 2170 locupletasti

282 2199 331 2240 et
368 2190 550 2239 ornasti
567 2208 582 2252 ;
616 2190 799 2240 deinde
836 2192 974 2254 quod
1014 2189 1065 2238 in
1104 2206 1162 2239 ea
1199 2198 1253 2238 tu
1294 2190 1405 2252 plus
1446 2205 1626 2252 operae
1661 2187 1941 2252 laborisque

282 2288 671 2335 consumpseras,
710 2288 825 2320 cum
861 2270 966 2320 eius
1002 2269 1134 2320 studi
1171 2269 1261 2319 tibi
1297 2278 1345 2318 et
1379 2270 1599 2318 hortator
1632 2276 1682 2317 et
1713 2267 1942 2332 magister
1966 2290 2015 2330 25

281 2361 410 2401 esset
425 2353 575 2413 domi,
593 2352 773 2401 veritus
789 2369 855 2412 es,
877 2351 971 2401 nisi
995 2351 1139 2401 istam
1162 2360 1317 2400 artem
1342 2349 1564 2399 oratione
1586 2366 1939 2417 exaggerasses,

181 2452 257 2492 235
281 2450 346 2482 ne
370 2450 570 2497 operam
594 2433 904 2496 perdidisses.
978 2433 1078 2481 Sed
1103 2448 1195 2495 ego
1223 2449 1288 2481 ne
1323 2448 1438 2480 cum
1473 2430 1566 2480 ista
1599 2430 1803 2494 quidem
1837 2439 1942 2479 arte

282 2532 461 2578 pugno.
535 2514 607 2563 Sit
633 2532 757 2579 *sane
791 2523 927 2563 tanta
951 2522 1187 2577 quantam
1222 2522 1276 2562 tu
1310 2513 1445 2562 illam
1480 2529 1589 2562 esse
1615 2511 1941 2562 vis—etenim

283 2595 390 2645 sine
430 2596 759 2645 controversia
794 2604 843 2645 et
875 2612 1054 2659 magna
1090 2603 1164 2644 est
1193 2603 1242 2644 et
1273 2596 1371 2644 late
1402 2603 1536 2658 patet
1573 2602 1623 2643 et
1658 2595 1725 2644 ad
1759 2595 1941 2643 multos

282 2677 491 2740 pertinet
515 2686 563 2726 et
588 2694 782 2727 summo
814 2676 865 2725 in
901 2679 1090 2726 honore
1125 2693 1318 2739 semper
1348 2675 1439 2724 fuit
1463 2684 1512 2724 et
1535 2674 1787 2725 clarissimi
1811 2674 1941 2724 cives
1965 2695 2016 2734 30

283 2759 328 2807 ei
354 2759 518 2808 studio
545 2758 692 2808 etiam
722 2758 873 2808 hodie
900 2758 1290 2822 praesunt—sed
1328 2757 1455 2816 vide,
1494 2758 1684 2815 Crasse,
1721 2772 1786 2804 ne
1819 2756 1940 2804 dum

338 2901 363 2937 4
392 2888 511 2937 quasi
540 2889 873 2927 aestimationem
903 2887 1121 2926 damnavit
1146 2886 1262 2926 Bake
1479 2887 1505 2925 8
1534 2885 1764 2924 haberetur
1800 2882 1940 2923 codd.:

284 2943 462 3038 {xjtbetur
497 2942 666 2982 Ernesti
826 2955 878 2980 22
908 2948 951 2981 et
981 2943 1265 2981 incomitatam
1304 2946 1347 2980 et
1384 2940 1634 2990 incomptam
1672 2937 1813 2977 codd:
1841 2949 1936 2977 corr.

324 3010 429 3036 earce
