2150 3444
83 139 153 200 84
172 156 250 202 341

166 1506 245 1547 342

164 2398 242 2438 343

734 143 804 190 M.
844 142 1054 190 TVLLI
1091 142 1475 193 CICERONIS

272 285 322 328 et
344 278 563 342 graviora
593 287 643 329 et
675 278 871 329 maioris
903 279 1088 343 copiae,
1117 281 1180 329 de
1213 279 1392 343 quibus
1428 296 1576 330 nemo
1612 282 1711 331 fere
1745 281 1926 346 praeci·

272 369 420 423 peret,
448 369 497 409 et
521 362 657 424 quod
682 377 773 410 nos
798 360 1162 409 laudationibus
1196 377 1297 409 non
1322 360 1389 409 ita
1413 362 1624 410 multum
1651 361 1724 411 uti
1752 364 1926 412 solere-

271 457 394 501 mus,
413 449 573 490 totum
592 443 726 490 hunc
745 441 1060 504 segregabam
1084 442 1249 489 locum
1267 459 1281 502 3
1317 440 1410 505 ipsi
1429 441 1561 490 enim
1578 441 1754 493 Graeci
1771 442 1927 507 magis

270 521 466 584 legendi
490 531 539 571 et
563 522 902 571 delectationis
935 530 1019 570 aut
1051 521 1265 570 hominis
1297 521 1502 571 alicuius
1535 522 1743 573 ornandi
1774 540 1925 587 quam

269 602 490 652 utilitatis
532 603 677 652 huius
719 603 929 661 forensis,
965 619 1112 652 causa
1153 602 1459 652 laudationes
1502 602 1925 666 scriptitaverunt3
1948 617 1976 661 5

269 699 481 746 quorum
506 692 619 732 sunt
643 683 766 744 libri,
787 683 966 746 quibus
985 682 1363 743 Themistocles,
1382 682 1635 744 AristideS,
1654 683 1926 747 AgesilauS‚

270 763 657 828 Epaminondas,
687 763 958 828 Philippus,
986 765 1266 814 Alexander
1300 763 1481 827 aliique
1516 766 1778 814 laudantur
1792 783 1807 826 3
1841 781 1927 815 no-

269 853 395 894 strae
419 845 740 906 laudationes,
763 844 943 908 quibus
968 844 1019 893 in
1043 847 1149 894 foro
1174 844 1368 906 utimur,
1389 854 1473 895 aut
1499 845 1750 895 testimoni
1772 845 1926 896 brevi-

268 933 420 975 tatem
458 926 643 975 habent
681 927 868 975 nudam
907 934 1055 989 atque
1096 925 1372 975 inornatam
1418 936 1503 976 aut
1544 926 1820 976 scribuntur
1859 928 1926 977 ad

267 1005 525 1054 funebrem
573 1004 872 1066 contionem,
914 1021 1040 1068 quae
1086 1007 1151 1055 ad
1198 1006 1430 1055 orationis
1477 1008 1676 1057 laudem
1722 1007 1926 1058 minime
1953 1023 2001 1053 ιο

267 1087 646 1136 accommodata
681 1093 766 1134 est.
840 1087 940 1134 Sed
976 1094 1155 1146 tamen,
1188 1086 1423 1149 quoniam
1460 1096 1534 1136 est
1568 1088 1810 1137 utendum
1845 1087 1927 1137 ali-

268 1168 485 1230 quando,
503 1183 606 1216 non
621 1183 895 1230 numquam
911 1165 1059 1215 etiam
1078 1166 1410 1228 scribendum,
1425 1169 1502 1216 vel
1521 1176 1575 1216 ut
1591 1169 1653 1230 Q.
1671 1167 1927 1217 Tuberoni

268 1246 555 1297 Africanum
595 1249 894 1297 avunculum
931 1247 1151 1297 laudanti
1187 1247 1378 1310 scripsit
1414 1249 1470 1299 C.
1511 1247 1721 1309 Laelius,
1759 1250 1837 1298 vel
1871 1257 1927 1298 ut

268 1337 464 1378 nosmet
498 1328 592 1393 ipsi
627 1327 836 1378 ornandi
871 1344 1019 1377 causa
1055 1330 1356 1378 Graecorum
1392 1345 1541 1390 more,
1576 1328 1617 1379 si
1652 1345 1778 1393 quos
1809 1318 1931 1379 ¹veli-

270 1426 393 1470 muS,
432 1411 632 1459 laudare
673 1409 931 1473 possimuS,
971 1409 1033 1458 sit
1071 1426 1102 1458 a
1141 1409 1287 1459 nobis
1328 1426 1529 1474 quoque
1570 1418 1801 1460 tractatus
1842 1409 1925 1461 hic
1947 1424 1997 1466 15

270 1491 420 1539 locus.
495 1489 816 1553 Perspicuum
842 1498 915 1539 est
939 1489 1083 1553 igitur
1113 1489 1208 1538 alia
1239 1506 1346 1539 esse
1375 1489 1426 1538 in
1458 1489 1661 1540 homine
1689 1492 1922 1554 optanda,

268 1570 363 1619 alia
386 1572 663 1621 laudanda:
700 1572 1056 1634 genus,·forma,
1075 1570 1212 1631 vires,
1232 1587 1365 1634 opeS,
1383 1570 1581 1621 divitiae
1605 1569 1924 1638 cetera[que],

268 1668 396 1715 quae
420 1654 615 1701 fortuna
639 1653 725 1701 dat
748 1660 833 1700 aut
857 1651 1156 1701 extrinsecus
1180 1660 1264 1701 aut
1289 1651 1494 1715 corpori,
1521 1668 1624 1702 non
1655 1652 1843 1703 habent
1873 1651 1927 1702 in

267 1749 321 1781 se
366 1749 531 1782 veram
578 1734 791 1793 laudem,
836 1749 964 1796 quae
1010 1732 1180 1782 deberi
1220 1732 1384 1782 virtuti
1425 1733 1511 1781 uni
1555 1741 1754 1797 putatur
1769 1751 1784 1794 3
1835 1733 1924 1783 sed

267 1821 446 1873 tamen,
475 1815 611 1876 quod
637 1812 743 1876 ipsa
767 1813 916 1862 virtus
942 1812 993 1860 in
1018 1829 1184 1861 earum
1210 1829 1371 1862 rerum
1395 1829 1487 1861 usu
1511 1821 1560 1862 et
1584 1812 1924 1864 moderatione
1947 1828 2000 1859 πο

267 1893 478 1943 maxime
503 1893 727 1953 cernitur,
747 1895 1001 1943 tractanda
1024 1893 1075 1941 in
1099 1893 1464 1943 laudationibus
1490 1893 1638 1943 etiam
1662 1895 1787 1943 haec
1809 1902 1925 1943 sunt

267 1983 468 2026 naturae
503 1983 551 2024 et
587 1977 812 2024 fortunae
849 1975 1012 2035 bona3
1051 1974 1103 2023 in
1138 1974 1317 2038 quibus
1351 1982 1425 2023 est
1459 1990 1655 2024 summa
1683 1976 1790 2023 laus
1819 1991 1924 2024 non

267 2056 495 2106 extulisse
520 2073 571 2105 se
600 2057 652 2104 in
684 2063 941 2120 potestate,
969 2071 1072 2104 non
1104 2054 1254 2104 fuisse
1287 2054 1582 2104 insolentem
1613 2054 1666 2103 in
1697 2053 1922 2119 pecunia,

266 2154 369 2186 non
405 2154 458 2186 se
495 2137 781 2201 praetulisse
822 2137 926 2186 aliis
969 2145 1167 2201 propter
1204 2136 1560 2186 abundantiam
1596 2137 1835 2196 fortunae,
1869 2143 1926 2184 ut

267 2234 387 2281 opes
429 2226 478 2280 et
525 2217 697 2282 copiae
743 2233 846 2267 non
893 2216 1152 2281 superbiae
1192 2216 1449 2266 videantur
1487 2233 1547 2266 ac
1587 2216 1794 2278 libidini,
1834 2217 1924 2266 sed
1949 2231 1999 2275 25

267 2298 477 2348 bonitati
523 2315 581 2347 ac
628 2297 955 2348 moderationi
998 2298 1281 2347 facultatem
1323 2307 1372 2347 et
1410 2296 1664 2347 materiam
1710 2296 1921 2348 dedisse.

267 2378 433 2427 Virtus
469 2388 648 2440 autem,
681 2395 809 2442 quae
847 2387 920 2428 est
956 2395 1043 2443 per
1078 2395 1131 2428 se
1166 2378 1273 2442 ipsa
1308 2378 1567 2428 laudabilis
1602 2387 1651 2428 et
1686 2377 1792 2428 sine
1826 2394 1927 2443 qua

266 2458 388 2508 nihil
421 2460 607 2509 laudari
644 2469 819 2524 potest,
848 2469 1014 2509 tamen
1047 2460 1198 2510 habet
1225 2459 1376 2523 pluris
1409 2459 1570 2523 partis,
1598 2475 1806 2523 quarum
1830 2458 1928 2509 alia

266 2549 339 2590 est
377 2542 479 2590 alia
515 2543 580 2591 ad
619 2541 954 2592 laudationem
990 2541 1178 2605 aptior3
1228 2550 1342 2590 sunt
1379 2540 1512 2591 enim
1546 2540 1671 2607 aliae
1702 2540 1920 2601 virtutes,

265 2639 391 2685 quae
417 2622 644 2673 videntur
668 2623 719 2672 in
750 2623 968 2673 moribus
1001 2623 1262 2673 hominum
1286 2631 1335 2672 et
1360 2624 1575 2686 quadam
1604 2621 1837 2672 comitate
1863 2638 1922 2672 ac
1945 2639 1998 2680 30

320 2750 422 2790 M=
445 2751 581 2791 AEH
743 2766 764 2802 7
795 2752 865 2791 alii
900 2751 970 2801 qui
1002 2750 1055 2790 M
1192 2766 1239 2791 12
1267 2751 1334 2791 vel
1361 2757 1408 2791 ut
1432 2751 1629 2791 Muellerz
1669 2750 1784 2790 velut
1809 2749 1920 2789 codd.

266 2806 319 2854 Q.
352 2804 554 2857 Verburg:
592 2806 639 2846 P.
668 2804 740 2844 M.
798 2805 949 2846 Publio
973 2805 1010 2844 L
1260 2818 1306 2855 17
1337 2811 1564 2856 ceteraque
1595 2817 1705 2855 quae
1735 2803 1774 2843 L
1807 2804 1918 2855 vulg.

270 2860 318 2898 18
347 2860 417 2898 dat
437 2860 577 2911 vulg.·
608 2860 680 2899 det
701 2858 755 2898 M
927 2871 1106 2909 corpore
1126 2858 1179 2898 M
1358 2873 1407 2910 19
1435 2871 1482 2899 se
1502 2872 1585 2900 om.
1610 2857 1664 2898 M
1865 2859 1922 2898 28

265 2913 401 2953 audiri
421 2912 474 2951 M
578 2926 632 2964 29
661 2914 741 2953 alia
761 2913 859 2954 add.
885 2912 1107 2954 Manutius
1214 2926 1269 2963 30
1297 2919 1340 2953 et
1359 2926 1441 2954 om.
1463 2911 1518 2952 M
