2112 3444
209 281 396 333 veteres
443 289 705 338 moresque
752 273 1026 324 maiorum·
1012 313 1026 335 ,
1075 274 1232 338 quid?
1283 275 1515 339 auspicia,
1559 275 1739 339 quibus
1782 292 1875 339 ego

208 363 259 407 'et
292 364 361 416 tu,
387 356 578 416 Crasse,
606 373 721 406 cum
759 373 938 420 magna
979 356 1047 406 rei
1088 356 1316 420 publicae
1358 360 1513 407 salute
1551 375 1873 446 praesumus·
1861 396 1874 418 ,

208 434 368 500 quid?
402 435 661 500 religiones
697 445 746 486 et
783 437 1142 487 caerimoniae·
1128 476 1142 498 ,
1192 437 1350 501 quid?
1398 440 1521 488 haec
1559 438 1664 488 iura
1701 439 1873 499 civilia,

207 531 336 580 quae
373 515 471 566 iam
513 517 705 581 pridem
746 517 797 567 in
839 527 1006 568 nostra
1045 518 1230 567 familia
1270 518 1376 568 sine
1416 520 1516 568 ulla
1562 519 1875 582 eloquentiae

160 614 185 656 5
207 597 356 654 laude
402 607 668 658 versantur,
709 616 830 647 num
877 609 962 648 aut
1009 599 1209 649 inventa
1256 609 1370 649 sunt
1416 609 1501 649 aut
1548 600 1746 663 cognita
1791 609 1876 649 aut

208 677 416 736 omnino
462 679 528 728 ab
573 687 823 729 oratorum
869 696 1047 743 genere
1089 683 1328 729 tractata?
1398 679 1648 744 Equidem
1686 689 1735 730 et
1773 682 1872 730 Ser.
1901 695 1955 735 40

207 761 422 811 Galbam
458 760 697 811 memoria
736 770 883 811 teneo
921 761 1145 812 divinum
1183 761 1439 811 hominem
1481 761 1532 810 in
1570 761 1786 811 dicendo
1828 770 1876 810 et

209 843 281 892 M.
316 841 586 897 Aemilium
623 842 884 893 Porcinam
921 853 970 893 et
1005 845 1061 894 C.
1101 843 1264 908 ipsum
1301 844 1598 904 Carbonem,
1637 860 1787 907 quem
1823 853 1875 892 tu

206 923 608 979 adulescentulus
654 923 918 988 perculisti,
959 924 1182 989 ignarum
1229 926 1407 988 legum,
1448 924 1774 975 haesitantem
1828 923 1878 973 in

136 1019 188 1052 ιο
209 1004 452 1056 maiorum
497 1005 746 1067 institutis,
789 1008 964 1056 rudem
1011 1006 1062 1056 in
1110 1006 1213 1056 iure
1260 1006 1421 1068 civili3
1478 1016 1527 1057 et
1573 1009 1697 1056 haec
1742 1015 1877 1056 aetas

208 1094 368 1143 vestra
390 1096 582 1151 praeter
609 1096 672 1148 te,
700 1087 987 1155 Crasselqui
1021 1097 1108 1138 tuo
1133 1087 1287 1152 magis
1312 1087 1478 1138 studio
1503 1104 1653 1151 quam
1678 1086 1878 1151 proprio

208 1179 413 1219 munere
449 1166 617 1232 aliquo
654 1167 950 1218 disertorum
981 1167 1056 1218 ius
1088 1186 1119 1218 a
1146 1168 1291 1218 nobis
1316 1168 1458 1219 civile
1482 1169 1711 1229 didicisti,
1739 1170 1877 1232 quod

208 1246 456 1303 interdum
491 1250 691 1314 pudeat,
718 1248 834 1299 iuris
871 1249 1039 1313 ignara
1073 1259 1159 1299 est.
1234 1251 1388 1312 Quod
1422 1267 1538 1300 vero
1574 1249 1625 1298 in
1661 1258 1878 1300 extrema
1897 1270 1948 1312 41

209 1328 432 1380 oratione
471 1329 613 1394 quasi
653 1339 742 1381 tuo
778 1330 883 1380 iure
920 1329 1186 1395 sumpsisti,
1213 1339 1458 1381 oratorem
1499 1331 1550 1380 in
1587 1331 1749 1381 omnis
1785 1349 1879 1381 ser-

137 1425 186 1470 15
210 1409 373 1461 monis
397 1410 732 1476 disputatione
756 1411 1097 1476 copiosissime
1120 1412 1299 1462 versari
1323 1429 1483 1477 posse,
1510 1412 1576 1473 id,
1604 1412 1698 1462 nisi
1721 1412 1803 1462 hic
1827 1412 1878 1461 in

210 1500 299 1542 tuo
330 1508 482 1557 regno
514 1509 749 1553 essemuS,
777 1510 879 1543 non
916 1492 1138 1542 tulissem
1173 1492 1441 1557 multisque
1472 1509 1765 1557 praeessem,
1793 1492 1879 1557 qui

209 1582 295 1623 aut
332 1573 596 1625 interdicto
634 1583 800 1624 tecum
838 1575 1198 1624 contenderent
1234 1583 1319 1623 aut
1356 1583 1405 1623 te
1441 1591 1501 1624 ex
1535 1574 1639 1624 iure
1674 1592 1879 1625 manum

211 1664 495 1706 consertum
541 1664 788 1716 vocarent,
837 1656 975 1718 quod
1030 1653 1081 1704 in
1139 1654 1323 1704 alienas
1381 1655 1719 1718 possessiones
1777 1664 1876 1705 tam

210 1746 423 1788 temere·
453 1736 698 1788 inruisses.
794 1739 1012 1800 Agerent
1077 1734 1210 1786 enim
1274 1745 1440 1786 tecum
1500 1739 1607 1800 lege
1665 1737 1879 1801 primum
1901 1759 1952 1797 42

138 1834 190 1864 πο
211 1819 506 1884 Pythagorei
542 1836 717 1870 omnes
758 1827 908 1882 atque
949 1817 1241 1868 Democritii
1279 1818 1527 1882 ceterique
1565 1819 1617 1868 in
1652 1818 1756 1868 iure
1793 1836 1882 1868 sua

209 1899 401 1964 physici
433 1899 740 1950 vindicarent
774 1897 954 1967 [ornati
985 1898 1213 1949 homines
1249 1898 1300 1948 in
1336 1899 1552 1949 dicendo
1588 1909 1637 1949 et
1671 1897 1878 1966 graves],

210 1981 523 2046 quibuscum
545 1982 636 2032 tibi
676 1982 807 2032 iusto
844 1990 1154 2032 sacramento
1196 1983 1498 2031 contendere
1539 1999 1641 2031 non
1683 1982 1881 2042 liceret3
1919 2013 1929 2023 -

179 2064 193 2078 “
209 2073 438 2129 urgerent
472 2073 724 2129 praeterea
758 2063 1170 2128 philosophorum
1205 2079 1376 2127 greges
1411 2062 1509 2112 iam
1544 2064 1610 2112 ab
1633 2063 1718 2113 illo
1742 2065 1880 2114 fonte

211 2153 261 2196 et
297 2144 459 2210 capite
497 2147 699 2196 Socrate
737 2145 859 2194 nihil
898 2154 947 2195 te
985 2147 1049 2196 de
1082 2144 1226 2195 bonis
1259 2145 1406 2194 rebus
1438 2144 1489 2193 in
1521 2144 1634 2205 vita,
1661 2144 1784 2194 nihil
1816 2146 1881 2194 de

140 2241 188 2284 25
212 2226 368 2287 malis,
411 2226 534 2276 nihil
581 2228 646 2277 de
686 2226 840 2276 animi
887 2226 1296 2290 permotionibus,
1340 2225 1463 2275 nihil
1510 2227 1573 2275 de
1619 2225 1880 2275 hominum

212 2307 447 2369 moribuS‚
507 2307 630 2358 nihil
688 2310 752 2359 de
799 2307 988 2358 ratione
1035 2307 1162 2357 vitae
1209 2307 1455 2367 didicisse,
1505 2306 1627 2355 nihil
1674 2306 1881 2356 omnino

212 2389 478 2453 quaesisse,
511 2388 635 2439 nihil
671 2388 794 2440 scire
830 2388 1212 2449 convincerent,
1262 2397 1310 2437 et
1346 2404 1461 2437 cum
1498 2387 1711 2437 universi
1746 2387 1796 2436 in
1833 2396 1883 2436 te

213 2469 456 2535 impetum
479 2469 724 2531 fecissent,
752 2479 858 2520 tum
888 2470 1109 2533 singulae
1141 2469 1354 2518 familiae
1386 2468 1522 2519 litem
1548 2468 1637 2517 tibi
1662 2468 1885 2519 intende-

213 2560 323 2606 rent
339 2570 354 2614 3
411 2551 613 2603 instaret
659 2552 947 2612 Academia,
988 2568 1131 2615 quae,
1180 2551 1419 2615 quicquid
1466 2550 1685 2611 dixisseS‚
1735 2551 1787 2600 id
1834 2560 1884 2602 te.
1904 2569 1954 2609 43

142 2647 194 2688 30
213 2631 378 2698 ipsum
424 2650 603 2698 negare
648 2643 876 2698 cogeret3
933 2631 1086 2683 Stoici
1134 2648 1249 2681 vero
1296 2631 1449 2681 nostri
1491 2631 1882 2695 disputationum

214 2731 415 2766 suarum
437 2724 589 2780 atque
613 2714 1053 2779 interrogationum
1078 2713 1266 2778 laqueis
1291 2722 1340 2763 te
1359 2713 1609 2764 inretitum
1629 2722 1853 2764 tenerent
1870 2732 1883 2774 ς

267 2846 320 2888 Μ
332 2866 366 2882 =
378 2846 469 2888 HE
549 2861 575 2888 2
605 2848 760 2889 Crasse
772 2861 856 2889 om.
874 2847 926 2886 M
1009 2861 1025 2886 1
1037 2862 1052 2887 1
1078 2853 1221 2887 vostra
1240 2845 1294 2885 H
1306 2860 1316 2885 t
1337 2851 1482 2886 nostra
1493 2845 1604 2886 codd.
1694 2847 1743 2885 16
1762 2851 1882 2897 prae-

215 2914 356 2943 essem
375 2901 486 2943 mdd.
505 2915 516 2941 z
544 2903 732 2954 praeiem
750 2902 828 2943 E¹:
859 2903 1090 2954 praeissem
1109 2901 1199 2942 edd.
1311 2913 1366 2941 20
1386 2901 1430 2940 in
1451 2902 1543 2940 iure
1559 2914 1637 2941 sua
1654 2900 1855 2940 Friedrich
1874 2915 1884 2940 :

214 2957 259 2997 in
279 2970 357 2998 suo
375 2956 487 2998 codd.
507 2975 517 2999 ε
539 2970 618 2998 suo
637 2958 730 2997 iure
750 2957 984 2996 Lambinus
1003 2970 1091 2996 recc.
1296 2969 1344 2995 21
1369 2956 1514 2995 ornati>
1528 2984 1537 2994 .
1561 2986 1570 2994 .
1593 2986 1601 2995 .
1624 2968 1776 3006 graves
1795 2955 1882 2997 secl.

214 3011 433 3055 Fn’edn‘ch:
455 3014 594 3054 ornati
607 3013 802 3054 homines
814 3011 999 3053 om.Mm
1066 3024 1120 3062 30
1140 3024 1300 3062 negare
1313 3016 1488 3061 cogeret
1501 3010 1636 3062 vulg:
1657 3009 1885 3050 necaretM

760 136 855 184 DE
891 134 1232 185 ORATORE
1298 138 1320 185 1
1898 149 1958 194 ιο
1988 154 2040 198 ³9
