2112 3444
76 143 144 179 20
168 149 219 192 93
708 135 777 183 Μ.
817 132 1026 183 TVLLI
1045 130 1445 185 ‘CICERONIS

250 272 420 322 madas
445 272 634 322 solebat
657 273 907 337 ingenium
932 282 1085 335 tuum,
1108 276 1297 335 Crasse,
1315 276 1630 325 vehementer
1644 275 1901 327 admirari:

169 397 226 432 21
250 369 330 401 me
367 352 460 402 sibi
497 353 776 416 perfacilem
814 353 864 402 in
901 355 1164 414 audiendo,
1192 364 1240 403 te
1272 371 1632 418 perpugnacem
1663 356 1715 417 in
1738 356 1902 421 dispu-

170 473 224 513 94
249 434 402 482 tando
421 449 528 482 esse
545 433 717 482 visum.
775 436 950 497 Itaque
973 451 1064 497 ego
1088 437 1181 483 hac
1206 437 1379 484 eadem
1399 435 1634 499 opinione
1656 437 1900 488 adductus

250 512 419 576 scripsi
444 513 591 562 etiam
616 513 738 563 illud
762 515 979 577 quodam
1011 515 1062 563 in
1091 515 1272 575 libello,
1299 515 1385 578 qui
1413 533 1493 565 me
1517 515 1828 580 imprudente
1851 525 1901 568 et

248 590 403 641 invito
457 592 637 642 excidit
690 602 739 642 et
788 594 1007 657 pervenit
1053 594 1103 643 in
1151 611 1325 644 manus
1372 596 1645 656 hominum,
1674 587 1901 648 *disertos
1925 612 1948 652 5

248 688 489 735 cognosse
513 689 594 722 me
618 689 720 722 non
745 675 919 734 nullos,
946 676 1260 737 eloquentem
1284 676 1448 724 adhuc
1472 676 1737 738 neminem,
1763 679 1901 741 quod

249 768 364 800 eum
411 753 686 802 statuebam
738 753 987 814 disertum,
1028 755 1112 818 qui
1167 764 1334 818 posset
1387 755 1502 805 satis
1553 765 1697 806 acute
1753 765 1902 820 atque

249 832 465 882 dilucide
518 835 652 896 apud
702 833 963 883 mediocris
1009 834 1235 884 homines
1282 852 1340 884 ex
1386 837 1640 885 communi
1685 838 1901 900 quadam

249 912 484 976 opinione
521 913 780 964 hominum
818 914 993 975 dicere,
1021 917 1335 978 eloquentem
1367 933 1495 976 vero,
1523 916 1608 979 qui
1633 916 1900 966 mirabilius

249 1002 297 1042 et
333 993 724 1056 magnificentius
764 1010 941 1058 augere
981 1004 1147 1058 posset
1181 1004 1329 1060 atque
1364 1013 1536 1045 ornare
1571 1012 1699 1059 quae
1738 997 1898 1056 vellet,
1927 1017 1977 1046 10

249 1074 510 1138 omnisque
546 1074 770 1124 omnium
808 1091 982 1135 rerum,
1017 1091 1145 1139 quae
1181 1077 1246 1125 ad
1282 1076 1550 1126 dicendum
1588 1075 1900 1139 pertinerent,

248 1154 397 1204 fontis
443 1153 611 1204 animo
656 1171 715 1204 ac
762 1155 999 1204 memoria
1045 1155 1329 1205 contineret.
1404 1157 1465 1205 Id
1513 1155 1553 1205 si
1594 1164 1667 1205 est
1703 1154 1902 1206 difficile

249 1234 407 1296 nobiS,
456 1236 593 1298 quod
646 1244 774 1295 ante,
824 1251 973 1299 quam
1019 1237 1085 1286 ad
1135 1235 1429 1286 discendum
1475 1234 1677 1299 ingressi
1714 1251 1899 1295 sumuS,

249 1316 500 1366 obruimur
535 1315 806 1366 ambitione
843 1325 892 1365 et
930 1318 1049 1376 for0,
1077 1315 1138 1365 sit
1169 1324 1335 1365 tamen
1363 1315 1414 1364 in
1438 1333 1490 1365 re
1513 1315 1729 1379 positum
1751 1324 1901 1379 atque

171 1408 223 1451 95
248 1406 448 1446 natura:
485 1413 577 1459 ego
602 1396 748 1457 enirn,
775 1405 1016 1460 quantum
1053 1413 1263 1459 auguror
1299 1396 1582 1445 coniectura
1617 1404 1900 1459 quantaque
1929 1410 1975 1452 15

247 1476 443 1540 ingenia
477 1476 528 1525 in
563 1476 740 1526 nostris
778 1477 1064 1526 hominibus
1096 1493 1203 1526 esse
1234 1476 1393 1536 video,
1421 1492 1523 1525 non
1555 1478 1764 1540 despero
1798 1471 1903 1525 fore

247 1557 461 1621 aliquem
493 1556 775 1620 aliquando,
807 1550 891 1621 qui
927 1567 976 1607 et
1011 1557 1175 1607 studio
1209 1557 1394 1606 acriore
1425 1572 1575 1619 quam
1607 1572 1699 1606 nos
1734 1565 1905 1606 sumus

247 1646 396 1701 atque
424 1637 605 1686 fuimus
637 1647 685 1687 et
718 1638 820 1687 otio
851 1654 911 1686 ac
938 1639 1168 1687 facultate
1200 1635 1423 1687 discendi
1456 1637 1640 1686 maiore
1669 1653 1728 1686 ac
1752 1645 1906 1686 matu*

248 1717 373 1767 riore
419 1727 468 1767 et
522 1719 688 1767 labore
743 1726 891 1781 atque
949 1718 1188 1767 industria
1246 1717 1507 1781 superiore,
1557 1733 1671 1765 cum
1730 1733 1783 1766 se
1839 1718 1905 1766 ad

248 1798 553 1848 audiendum
588 1799 853 1861 legendum
890 1798 1305 1861 scribendumque
1330 1797 1534 1856 dederit,
1562 1796 1760 1846 exsistat
1793 1797 1902 1846 talis
1930 1815 1981 1843 20

250 1887 424 1938 orator,
452 1880 648 1941 qualem
673 1878 965 1941 quaerimus,
993 1878 1077 1941 qui
1110 1877 1211 1926 iure
1245 1895 1345 1927 non
1379 1879 1539 1926 solum
1565 1876 1787 1936 disertus,
1815 1879 1904 1926 sed

250 1958 397 2007 etiam
430 1960 667 2021 eloquens
705 1958 803 2007 dici
835 1958 988 2021 possit
1005 1976 1019 2018 ς
1067 1958 1151 2020 qui
1190 1967 1355 2006 tamen
1394 1974 1504 2006 mea
1541 1957 1783 2006 sententia
1818 1967 1903 2006 aut

249 2039 330 2087 hic
354 2047 428 2087 est
451 2039 548 2087 iam
574 2040 779 2088 Crassus
802 2047 901 2097 aut,
929 2038 968 2086 si
992 2037 1101 2100 quis
1134 2038 1237 2100 pari
1270 2037 1413 2086 fuerit
1444 2036 1643 2099 ingenio
1667 2038 1904 2100 pluraque

249 2135 397 2182 quam
423 2119 503 2167 hic
528 2128 576 2167 et
606 2118 814 2167 audierit
847 2127 895 2166 et
933 2117 1156 2172 lectitarit
1189 2126 1238 2166 et
1270 2117 1526 2180 scripserit,
1553 2118 1755 2180 paulurn
1787 2117 1904 2166 huic

247 2199 434 2262 aliquid
457 2198 634 2262 poterit
657 2200 869 2247 addere.'
1929 2207 1978 2251 25

172 2283 226 2338 96
319 2282 436 2328 Hoc
473 2281 584 2328 loco
622 2278 864 2341 Sulpicius
901 2278 1220 2343 ‘insperanti'
1258 2277 1417 2340 inquit
1444 2276 1592 2325 ‘mihi
1624 2285 1673 2325 et
1710 2277 1901 2337 Cottae,

249 2362 338 2410 sed
383 2361 525 2408 valde
571 2359 760 2422 optanti
808 2360 1000 2423 utrique
1047 2367 1269 2408 nostrum
1316 2356 1509 2416 cecidit,
1558 2365 1612 2406 ut
1658 2356 1709 2405 in
1755 2354 1904 2406 istum

250 2457 541 2500 sermonem,
569 2442 758 2500 Crasse,
794 2439 1175 2498 delaberemini3
1223 2436 1367 2486 nobis
1406 2437 1538 2486 enim
1576 2436 1675 2485 hnc
1710 2435 1906 2486 venien-

250 2521 380 2569 tibus
413 2520 527 2570 satis
565 2521 837 2570 iucundum
876 2522 978 2568 fore
1009 2519 1278 2577 videbatur,
1306 2517 1360 2577 si,
1393 2533 1506 2566 curn
1541 2533 1628 2565 vos
1661 2517 1725 2565 de
1759 2516 1904 2565 rebus
1995 2580 2005 2590 ,

249 2600 355 2649 aliis
396 2601 732 2663 loqueremini,
782 2609 947 2649 tamen
994 2615 1085 2648 nos
1131 2597 1319 2661 aliquid
1367 2614 1425 2645 ex
1472 2612 1699 2646 sermone
1743 2603 1905 2644 vestro
1929 2612 1979 2652 30

251 2681 487 2729 memoria
527 2681 731 2744 dignum
773 2681 995 2743 excipere
1032 2694 1321 2741 possemus3
1369 2685 1422 2726 ut
1460 2693 1575 2725 vero
1617 2675 1813 2738 penitus
1852 2674 1905 2722 in

251 2778 359 2809 eam
397 2760 552 2823 ipsam
590 2761 738 2809 totius
776 2760 920 2808 huius
955 2760 1031 2807 vel
1067 2758 1198 2807 studi
1233 2759 1309 2806 vel
1344 2756 1516 2805 artifici
1551 2756 1628 2804 vel
1664 2753 1905 2807 facultatis

306 2862 358 2926 M
364 2888 498 2927 =HE
687 2900 711 2925 2
740 2891 1071 2937 perpugnantem
1093 2884 1146 2922 M
1308 2895 1335 2933 5
1363 2882 1562 2922 excitabit
1580 2880 1656 2921 M:
1685 2881 1818 2919 exiuit
1837 2878 1906 2919 H'

256 2956 304 2993 13
334 2944 554 2982 dicendum
575 2940 627 2979 M
772 2943 821 2979 16
848 2953 933 2979 non
955 2952 1063 2979 recc.:
1094 2951 1173 2978 nec
1193 2935 1262 2976 Μ1
1427 2943 1479 2985 24
1507 2935 1606 2975 huic
1623 2933 1689 2972 L:
1719 2935 1802 2973 huc
1820 2932 1876 2972 M
