2150 3444
59 144 128 194 39
152 137 229 181 166
712 134 781 183 M.
822 136 1032 183 TVLLI
1070 136 1454 186 CICERONIS

248 289 540 337 quaeremus
564 281 613 324 et
643 291 822 338 genera
852 283 902 323 et
932 272 1082 338 partis
1116 274 1378 338 generibus
1403 274 1648 325 subiectas
1671 283 1721 326 et
1745 274 1910 327 simili-

247 355 444 404 tudines
479 363 529 404 et
563 355 986 404 dissimilitudines
1022 363 1071 404 et
1107 355 1348 404 contraria
1383 364 1432 405 et
1467 357 1821 421 consequentia
1859 353 1910 412 et

247 444 580 485 consentanea
603 444 652 485 et
676 435 815 499 quasi
846 435 1207 499 praecurrentia
1239 445 1288 485 et
1322 437 1644 499 repugnantia
1665 447 1715 488 et
1737 455 1909 489 causas

246 534 406 566 rerum
453 516 800 580 vestigabimus
847 526 895 566 et
941 535 1012 577 ea,
1062 534 1190 580 quae
1236 535 1296 566 ex
1341 516 1500 566 causis
1547 527 1652 568 orta
1701 518 1810 580 sint,
1859 529 1910 573 et

248 597 445 659 maiora,
471 598 617 662 paria,
645 599 837 648 minora
871 615 1177 662 quaeremus.
1252 601 1328 648 Ex
1362 598 1639 650 coniunctis
1671 599 1741 650 sic
1775 617 1910 665 argu·
1931 618 1954 663 5

247 688 415 728 menta
460 681 737 728 ducuntur:
792 679 860 728 ‘si
905 679 1075 744 pietati
1122 696 1317 730 summa
1361 679 1623 731 tribuenda
1663 670 1773 731 ⁴laus
1819 691 1907 744 est,

246 760 439 810 debetis
475 761 671 821 moveri,
701 778 815 809 cum
847 763 907 823 Q.
938 763 1204 810 Metellum
1234 770 1335 810 tam
1370 761 1452 825 pie
1486 763 1651 825 lugere
1673 762 1910 813 videatis!

249 844 325 891 Ex
357 859 536 906 genere
570 851 765 891 autem:
817 841 887 891 ‘si
922 842 1230 905 magistratus
1264 843 1316 891 in
1350 842 1521 906 populi
1551 844 1767 893 Romani
1802 861 1910 896 esse

246 932 490 988 potestate
518 924 715 983 debent,
744 923 866 987 quid
891 924 1186 973 Norbanum
1219 941 1434 983 accusas,
1463 924 1602 974 cuius
1634 925 1909 976 tribunatus

149 1015 224 1056 168
247 1003 487 1054 voluntati
526 1004 686 1068 paruit
723 1004 996 1053 civitatis?'
1067 1006 1143 1053 Ex
1182 1013 1318 1068 parte
1358 1014 1523 1054 autem
1561 1022 1633 1066 ea,
1671 1023 1798 1070 quae
1834 1016 1908 1057 est
1933 1023 1984 1053 ιο

248 1085 470 1134 subiecta
492 1084 688 1148 generi:
726 1089 738 1111 ‘
754 1083 794 1133 si
819 1102 1006 1144 omnes,
1033 1084 1119 1148 qui
1150 1085 1219 1135 rei
1251 1085 1479 1149 publicae
1507 1087 1784 1148 consulunt,
1811 1086 1910 1137 cari

248 1166 393 1215 nobis
417 1183 525 1215 esse
548 1167 746 1226 debent,
775 1175 906 1215 certe
930 1166 981 1213 in
1005 1165 1174 1229 primis
1205 1165 1535 1230 imperatores,
1563 1184 1773 1231 quorum
1798 1186 1913 1219 con-

248 1247 379 1307 siliis,
420 1246 609 1307 virtute,
660 1246 890 1311 periculis
934 1246 1202 1296 retinemus
1248 1256 1298 1296 et
1343 1257 1560 1297 nostram
1609 1251 1816 1299 salutem
1862 1258 1912 1299 et

249 1327 422 1392 imperi
479 1325 800 1392 dignitatem.'
893 1330 969 1376 Ex
1026 1327 1347 1377 similitudine
1401 1338 1601 1378 autem:
1663 1329 1731 1378 ‘si
1781 1331 1911 1381 serae

248 1419 414 1472 partus
443 1426 558 1458 suos
583 1409 805 1472 diligunt,
833 1425 933 1472 qua
963 1425 1055 1458 nos
1086 1408 1138 1457 in
1170 1409 1350 1458 liberos
1381 1418 1575 1459 nostros
1606 1408 1911 1475 indulgentia
1937 1428 1984 1470 15

147 1497 226 1552 169
248 1508 356 1540 esse
379 1491 620 1540 debemus
636 1492 657 1540 ?
675 1491 686 1512 '
755 1493 823 1538 At
847 1507 907 1539 ex
929 1489 1328 1539 dissimilitudine
1348 1507 1358 1538 z
1403 1494 1414 1515 ‘
1432 1489 1473 1539 si
1496 1491 1813 1541 barbarorum
1837 1499 1912 1542 est

247 1570 298 1619 in
323 1571 456 1621 diem
479 1571 655 1632 vivere,
676 1580 844 1621 nostra
858 1571 1072 1621 vconsilia
1095 1571 1448 1634 sempiternum
1473 1580 1668 1636 tempus
1691 1582 1912 1637 spectare

247 1653 463 1702 debent.'
530 1656 699 1717 Atque
729 1662 939 1717 utroque
967 1652 1019 1701 in
1050 1670 1228 1717 genere
1257 1661 1306 1702 et
1335 1652 1674 1706 similitudinis*
1698 1661 1747 1704 et
1775 1652 1912 1704 dissi-

248 1734 539 1783 militudinis
579 1736 804 1798 exempla
844 1743 958 1783 sunt
999 1751 1059 1783 ex
1103 1733 1309 1783 aliorum
1347 1733 1487 1783 factis
1524 1743 1608 1783 aut
1645 1734 1790 1784 dictis
1824 1741 1911 1784 aut

248 1815 434 1864 eventis
459 1824 509 1864 et
540 1817 683 1864 fictae
720 1815 1020 1864 narrationes
1049 1832 1195 1878 saepe
1230 1817 1505 1878 ponendae.
1582 1817 1689 1864 Iam
1713 1833 1773 1866 ex
1795 1831 1910 1866 con·
1933 1835 1985 1864 πο

147 1911 226 1956 170
247 1896 425 1946 trario:
467 1895 536 1945 ‘si
569 1896 822 1946 Gracchus
856 1896 1052 1956 nefarie,
1087 1898 1332 1959 praeclare
1358 1895 1617 1960 Opimius!
1686 1899 1762 1945 Ex
1796 1913 1910 1947 con-

246 1977 566 2040 sequentibus
589 1996 600 2028 :
638 1980 651 2004 ‘
669 1976 710 2026 si
738 1985 787 2027 et
818 1978 945 2026 ferro
979 1976 1262 2026 interfectus
1291 1976 1372 2026 ille
1397 1985 1446 2026 et
1474 1985 1528 2025 tu
1552 1975 1780 2026 inimicus
1803 1977 1909 2027 eius

245 2074 359 2106 cum
382 2058 547 2122 gladio
571 2066 776 2108 cruento
800 2059 1184 2121 comprehensus
1220 2057 1271 2105 in
1302 2056 1388 2106 illo
1418 2055 1528 2121 ipso
1551 2058 1663 2107 loco
1687 2066 1736 2108 et
1758 2075 1909 2108 nemo

245 2149 434 2205 praeter
457 2149 506 2189 te
529 2139 598 2188 ibi
622 2139 753 2188 visus
778 2148 852 2188 est
875 2148 924 2188 et
952 2156 1100 2188 causa
1130 2137 1318 2188 nemini
1349 2147 1399 2188 et
1430 2147 1483 2187 tu
1516 2155 1709 2203 semper
1730 2141 1905 2200 audax,

245 2221 366 2285 quid
402 2229 476 2270 est
511 2222 648 2284 quod
683 2222 746 2271 de
787 2220 1004 2270 facinore
1041 2219 1267 2270 dubitare
1301 2219 1612 2284 possimus?'
1684 2222 1759 2269 Ex
1793 2237 1908 2270 con·
1931 2242 1979 2283 ²5

245 2303 489 2353 sentaneis
514 2311 562 2352 et
587 2320 646 2352 ex
669 2302 1092 2367 praecurrentibus
1116 2311 1166 2351 et
1197 2319 1257 2351 ex
1284 2301 1683 2366 repugnantibus,
1709 2310 1765 2351 ut
1787 2302 1906 2352 olim

245 2387 448 2436 Crassus
489 2386 808 2435 adulescens:
864 2389 995 2434 ‘non
1037 2372 1077 2433 si
1113 2383 1370 2447 Opimium
1408 2383 1685 2444 defendisti,
1725 2385 1904 2445 Carbo,

243 2467 428 2518 idcirco
474 2478 523 2519 te
570 2467 648 2516 isti
694 2468 884 2516 bonum
931 2466 1089 2515 civem
1135 2466 1415 2530 putabunt:
1474 2465 1729 2515 simulasse
1766 2474 1818 2516 te
1855 2474 1906 2516 et

243 2548 429 2612 aliquid
454 2549 702 2613 quaesisse
733 2548 1047 2613 perspicuum
1079 2556 1166 2608 est,
1193 2550 1330 2612 quod
1355 2547 1431 2597 Ti.
1460 2547 1672 2597 Gracchi
1695 2557 1904 2598 mortem

244 2646 389 2694 saepe
436 2631 485 2679 in
534 2630 849 2681 contionibus
895 2629 1174 2694 deplorasti,
1223 2631 1360 2693 quod
1409 2632 1460 2678 P.
1505 2628 1723 2678 Africani
1769 2629 1904 2679 necis
1928 2650 1980 2690 30

153 569 225 616 40

149 631 224 685 167

298 2759 351 2798 M
366 2780 401 2794 =
423 2761 559 2801 AEH
720 2775 745 2800 2
773 2761 995 2811 sequentia
1016 2759 1069 2799 M
1224 2773 1272 2799 12
1301 2759 1420 2799 vobis
1441 2757 1495 2796 M
1632 2772 1681 2798 21
1712 2759 1775 2799 si.
1794 2790 1802 2800 .
1819 2765 1836 2799 t
1856 2757 1910 2797 M

243 2815 351 2854 unde
368 2816 433 2855 Ti.
455 2815 676 2856 Gracchus
698 2815 852 2855 maluit
867 2815 1005 2854 Halm
1171 2827 1220 2854 21
1253 2815 1335 2854 nef.
1359 2827 1421 2864 pr.
1445 2814 1526 2863 Op.
1548 2825 1632 2853 om.
1656 2811 1709 2851 M
1851 2826 1903 2863 23

242 2870 282 2908 ei
302 2868 356 2907 M
369 2883 377 2908 :
407 2876 449 2909 et
469 2869 506 2908 L
637 2883 689 2919 24
718 2875 761 2908 et
782 2875 883 2909 tune
903 2868 976 2908 M:
1008 2875 1051 2909 et
1071 2875 1160 2909 tute
1178 2868 1333 2919 Stangl
1476 2869 1529 2906 26
1558 2880 1613 2906 ex
1634 2866 1902 2917 repugnanti-

243 2965 321 3004 bus
351 2979 419 3004 m:
463 2978 517 3004 ex
550 2934 838 3015 {eugnantibus
857 2966 899 3004 A
927 2980 936 3005 ε
988 2965 1330 3015 expugnantibus
1360 2962 1450 3003 HE
1609 2963 1709 3002 olim
1739 2976 1822 3003 om.
1854 2961 1909 3002 M

243 3033 296 3070 29
325 3020 438 3058 aliud
459 3019 559 3069 quid
579 3017 617 3056 L
