2150 3444
119 157 170 206 17
201 158 250 204 73

202 338 252 382 74

201 1024 250 1069 75

212 2147 262 2203 76

730 144 800 191 M.
839 141 1049 191 TVLLI
1088 141 1469 192 CICERONIS

197 254 545 333 ¹⁸1ab0rabit.’
616 284 748 332 Tum
786 283 991 333 Catulus
1027 285 1158 345 ‘quo
1194 281 1286 330 ista
1321 279 1507 330 maiora
1541 295 1599 330 ac
1633 279 1930 331 mirabiliora

274 363 444 426 fecisti,
473 380 534 413 eo
558 380 639 413 me
663 362 820 413 maior
852 362 1153 426 exspectatio
1177 369 1312 410 tenet
1336 361 1634 425 quibusnam
1657 361 1929 412 rationibus

275 444 556 509 quibusque
596 442 870 509 praeceptis
909 459 968 493 ea
1003 451 1141 492 tanta
1177 442 1249 492 vis
1291 450 1632 506 comparetur3
1686 458 1791 492 non
1829 458 1930 506 quo

275 543 385 575 mea
425 525 628 589 quidem
666 524 765 574 iam
805 523 1226 586 intersit—neque
1267 522 1399 572 enim
1441 531 1575 572 aetas
1612 521 1665 572 id
1705 539 1817 572 mea
1849 524 1932 573 de-

276 606 454 655 siderat
479 614 528 654 et
560 604 694 654 aliud
723 621 878 668 genus
911 605 1166 668 quoddam
1200 602 1399 652 dicendi
1431 620 1524 653 nos
1557 602 1712 652 secuti
1744 619 1928 664 sumuS,
1957 619 1980 662 5

275 686 361 751 qui
397 702 669 750 numquam
709 685 976 735 sententias
1015 687 1079 735 de
1115 684 1342 733 manibus
1378 684 1599 734 iudicum
1634 684 1682 734 vi
1718 686 1932 748 quadam

276 767 508 816 orationis
533 766 823 816 extorsimus
847 782 906 815 ac
929 765 1092 830 potius
1111 762 1313 829 placatis
1330 781 1501 814 eorum
1524 764 1700 814 animis
1725 774 1931 827 tantum,

277 857 516 911 quantum
552 847 645 911 ipsi
682 846 1006 911 patiebantur,
1045 846 1485 910 accepimus—sed
1521 854 1687 895 tamen
1723 845 1815 895 ista
1850 855 1936 896 tua

277 931 467 977 nullum
490 929 555 978 ad
574 944 718 977 usum
738 945 918 989 meum,
940 936 1133 977 tantum
1158 927 1491 992 cognoscendi
1510 926 1674 976 studio
1689 929 1934 984 adductus

276 1009 485 1073 requiro.
562 1011 671 1058 Nec
718 1008 840 1057 mihi
876 1025 1001 1073 opus
1042 1018 1116 1058 est
1155 1011 1346 1058 Graeco
1387 1009 1553 1072 aliquo
1590 1009 1807 1068 doctore,
1848 1007 1934 1072 qui
1961 1025 2014 1055 ιο
2061 998 2065 1002 ’

277 1089 398 1138 mihi
435 1091 718 1154 pervulgata
761 1098 1024 1153 praecepta
1069 1090 1316 1150 decantet,
1354 1106 1469 1138 cum
1511 1088 1615 1152 ipse
1661 1105 1934 1152 numquam

277 1172 451 1231 forum,
469 1186 742 1233 numquam
762 1171 918 1218 ullum
943 1168 1181 1219 iudicium
1199 1169 1438 1233 aspexerit
1455 1187 1469 1230 3
1503 1177 1558 1217 ut
1584 1168 1936 1232 Peripateticus

278 1251 359 1300 ille
396 1250 575 1300 dicitur
614 1250 863 1311 Phormio,
909 1267 1023 1299 cum
1067 1249 1325 1299 Hannibal
1366 1249 1669 1313 Karthagine
1707 1250 1937 1314 expulsus

282 1333 535 1396 Ephesum
573 1330 639 1380 ad
677 1330 983 1380 Antiochum
1017 1330 1230 1380 venisset
1275 1331 1412 1379 exsul
1448 1346 1637 1394 proque
1674 1346 1748 1391 eo,
1800 1331 1938 1394 quod

279 1412 385 1461 eius
420 1428 605 1461 nomen
641 1420 743 1460 erat
778 1428 956 1474 magna
984 1412 1118 1475 apud
1151 1411 1313 1460 omnis
1345 1410 1509 1474 gloria,
1542 1410 1775 1460 invitatus
1810 1419 1939 1461 esset
1969 1424 2015 1466 ¹¹5

280 1494 345 1542 ab
382 1491 659 1555 hospitibus
698 1491 811 1552 suis,
849 1500 904 1540 ut
939 1508 1068 1552 eum,
1106 1508 1257 1555 quem
1291 1490 1405 1552 dixi,
1444 1490 1485 1539 si
1520 1493 1679 1553 vellet,
1717 1491 1940 1554 audiret3

281 1590 495 1637 cumque
519 1572 560 1621 is
586 1589 638 1621 se
667 1588 769 1621 non
794 1573 927 1621 nolle
962 1572 1177 1633 dixisset,
1203 1574 1399 1621 locutus
1434 1588 1541 1621 esse
1574 1571 1755 1621 dicitur
1786 1574 1940 1623 homo
1990 1632 1992 1634 v

280 1654 510 1718 copiosus
535 1653 724 1718 aliquot
760 1655 906 1702 horas
941 1655 1006 1703 de
1040 1653 1347 1718 imperatoris
1382 1652 1546 1703 officio
1580 1661 1630 1703 et
1661 1655 1726 1703 de
1757 1652 1938 1722 [omni]

281 1752 333 1785 re
371 1734 578 1784 militari.
651 1737 799 1795 Tum,
843 1751 959 1783 cum
994 1734 1156 1795 ceteri,
1195 1734 1282 1798 qui
1316 1734 1455 1783 illum
1489 1733 1760 1797 audierant,
1799 1736 1942 1785 vehe-

284 1826 474 1866 menter
498 1825 662 1866 essent
686 1816 929 1876 delectati‚
957 1816 1259 1879 quaerebant
1282 1816 1345 1865 ab
1373 1815 1673 1878 Hannibale,
1699 1816 1940 1880 quidnam
1968 1832 2020 1862 20

284 1897 390 1962 ipse
414 1899 478 1946 de
512 1896 597 1946 illo
633 1896 934 1960 philosopho
966 1896 1234 1946 iudicaret:
1281 1896 1364 1946 hic
1397 1900 1595 1946 Poenus
1626 1913 1730 1946 non
1753 1897 1942 1962 optime

287 1980 487 2039 Graece,
538 1979 624 2027 sed
673 1986 838 2026 tamen
886 1976 1039 2026 libere
1084 1977 1398 2041 respondisse
1447 1980 1608 2038 fertur,
1659 1980 1841 2028 multos
1889 1996 1944 2028 se

285 2058 464 2108 deliros
501 2075 642 2107 senes
684 2075 830 2122 saepe
862 2057 1055 2118 vidisse,
1094 2060 1184 2107 sed
1215 2058 1301 2122 qui
1333 2058 1487 2122 magis
1523 2075 1674 2123 quam
1707 2060 1943 2110 Phormio
2027 2097 2029 2100 -

286 2139 510 2189 deliraret
528 2139 708 2188 vidisse
726 2137 990 2188 neminem.
1065 2140 1245 2202 Neque
1268 2155 1349 2188 me
1366 2141 1565 2189 hercule
1582 2138 1787 2202 iniuria;
1821 2140 1943 2204 quid

286 2220 418 2270 enim
442 2229 527 2269 aut
545 2219 859 2283 adrogantius
878 2227 962 2268 aut
986 2219 1242 2284 loquacius
1266 2219 1370 2269 fieri
1392 2220 1553 2284 potuit
1577 2236 1727 2284 quam
1753 2221 1945 2271 Hanni·
1971 2235 2020 2276 25
2080 2279 2084 2283 .

284 2301 398 2363 bali,
425 2300 510 2365 qui
535 2310 608 2350 tot
631 2300 772 2349 annis
797 2302 860 2350 de
885 2300 1091 2364 imperio
1115 2317 1230 2350 cum
1253 2303 1441 2366 populo
1466 2304 1699 2351 Romano
1721 2301 1946 2352 omnium

288 2381 507 2447 gentium
530 2381 715 2431 victore
739 2390 982 2442 certasset,
1006 2383 1251 2431 Graecum
1274 2382 1543 2444 hominem,
1565 2382 1650 2446 qui
1673 2399 1947 2447 numquam
1993 2378 1996 2381 ’

290 2466 499 2524 hostem,
525 2479 799 2527 numquam
823 2471 981 2512 castra
1015 2462 1229 2525 vidisset,
1255 2480 1529 2527 numquam
1561 2464 1778 2528 denique
1809 2463 1949 2513 mini-

292 2562 424 2593 mam
448 2553 637 2607 partem
669 2542 1034 2607 ullius-publici
1066 2543 1281 2593 muneris
1313 2544 1563 2608 attigisset,
1595 2554 1859 2610 praecepta
1881 2546 1948 2595 de

292 2642 343 2673 re
375 2624 570 2674 militari
602 2626 758 2674 dare?
818 2626 935 2674 Hoc
959 2623 1080 2672 mihi
1109 2626 1269 2674 facere
1297 2643 1470 2675 omnes
1501 2625 1594 2687 isti,
1629 2626 1716 2690 qui
1749 2628 1814 2675 de
1843 2634 1948 2675 arte
1974 2640 2025 2680 30

293 2705 491 2754 dicendi
515 2705 835 2769 praecipiunt,
862 2705 1089 2755 videntur
1106 2723 1119 2767 3
1171 2707 1307 2769 quod
1341 2706 1473 2756 enim
1508 2706 1602 2770 ipsi
1638 2707 1821 2772 experti
1844 2725 1947 2757 non

349 2834 402 2872 M
420 2853 454 2866 =
475 2832 611 2872 ΑΕΗ
769 2848 797 2885 9
825 2834 1011 2874 studium
1033 2834 1086 2873 M
1266 2836 1315 2875 18
1344 2836 1611 2886 imperatoris
1632 2849 1721 2876 rece.
1741 2850 1751 2877 :
1781 2835 1948 2886 imperii

295 2888 370 2929 M:
402 2889 455 2927 de
474 2889 588 2927 omni
610 2902 656 2927 re
678 2902 765 2929 νει-ε.
917 2902 970 2938 24
999 2889 1232 2929 delectaret
1252 2890 1306 2929 M
1438 2891 1492 2929 26
1519 2891 1641 2935 annis
1662 2890 1758 2930 Mm
1776 2904 1787 2930 ε
1814 2902 1950 2930 annos

296 2955 382 2981 rece.
512 2956 562 2992 27
593 2957 819 2993 numquam
841 2944 1008 2983 hostem
1027 2957 1110 2984 om.
1133 2944 1187 2983 M
