2150 3444
740 148 835 198 DE
871 147 1212 198 ORATORE
1286 149 1338 198 11
1893 164 1926 215 5
1954 172 2003 205 20

206 287 324 349 otio,
339 288 488 352 quod
512 295 562 338 et
584 303 694 339 raro
716 289 860 339 datur
883 295 932 338 et
956 303 1090 339 nunc
1113 296 1372 353 peroptato
1395 288 1541 340 nobis
1565 290 1736 340 datum
1761 292 1872 340 est?

205 371 310 424 Aut
333 368 562 420 homines
590 370 655 420 ab
689 370 786 420 hoc
817 385 997 434 genere
1020 368 1368 433 disputationis
1396 370 1559 432 alieni,
1586 370 1672 434 qui
1697 387 1871 420 omnes

205 451 253 504 ei
284 466 469 511 sumuS,
497 459 553 501 ut
583 451 691 503 sine
722 451 799 501 his
831 450 1007 502 studiis
1030 450 1182 501 vitam
1212 453 1400 500 nullam
1430 468 1538 502 esse
1566 453 1871 502 ducamus?'

208 536 222 563 ‘
237 532 422 584 Omnia
445 532 564 582 ista’
587 532 748 597 inquit
777 533 983 583 Crassus
1011 536 1023 559 ‘
1040 548 1133 596 ego
1156 531 1254 582 alio
1278 534 1432 583 modo
1456 532 1758 598 interpretor,
1787 533 1872 597 qui
1898 545 1944 574 21

158 630 182 675 5
204 613 420 680 primum
444 616 738 680 palaestram
763 622 812 665 et
836 615 979 665 sedes
1009 621 1058 663 et
1086 613 1304 678 porticus
1329 613 1478 665 etiam
1503 613 1651 679 ipSOS,
1679 615 1871 676 Catule,

182 688 192 692 ⁷
206 696 424 746 Graecos
462 693 822 746 exercitationis
858 703 908 746 et
943 693 1286 745 delectationis
1327 711 1476 745 causa
1521 712 1625 745 non
1660 694 1876 760 disputa-

206 777 356 831 tionis
379 776 627 830 invenisse
657 775 893 838 arbitror3
928 793 1046 826 nam
1078 785 1127 826 et
1157 776 1365 828 saeculis
1398 777 1566 827 multis
1597 785 1713 828 ante
1745 793 1877 841 gym‹

204 857 345 910 nasia
368 857 569 908 inventa
586 866 715 918 sunt,
737 873 887 921 quam
912 856 964 906 in
988 856 1059 907 eis
1083 856 1370 922 philosophi
1393 858 1571 922 garrire
1590 867 1874 923 coeperunt,

202 949 257 991 et
271 941 369 992 hoc
386 933 496 1005 ipso
514 948 750 1004 tempore,
773 956 887 990 cum
905 939 1074 991 omnia
1087 939 1342 1004 gymnasia
1359 940 1644 1005 philosophi
1660 950 1875 1002 teneant,

136 1037 186 1073 ιο
208 1029 376 1072 tamen
410 1037 583 1073 eorum
618 1020 867 1072 auditores
903 1020 1098 1071 discum
1133 1020 1305 1071 audire
1339 1037 1491 1086 quam
1522 1021 1878 1086 philosophum

196 1104 430 1165 -malunt3
464 1102 551 1167 qui
583 1101 730 1153 simul
754 1111 808 1151 ut
831 1101 1088 1167 increpuit,
1116 1101 1169 1151 in
1193 1102 1360 1153 media
1384 1102 1606 1153 oratione
1635 1105 1699 1153 de
1731 1102 1880 1152 maxi-

207 1182 302 1234 mis
337 1184 485 1235 rebus
520 1192 570 1235 et
603 1182 899 1248 gravissimis
937 1183 1275 1249 disputantem
1310 1183 1667 1250 philosophum
1702 1201 1878 1235 omnes

207 1266 456 1317 unctionis
497 1281 647 1316 causa
686 1264 1002 1330 relinquunt,
1047 1265 1116 1315 ita
1156 1265 1455 1317 levissimam
1493 1266 1876 1317 delectationem

206 1346 534 1412 gravissimae,
552 1355 607 1397 ut
625 1345 718 1412 ipsi
732 1347 909 1407 ferunt,
927 1345 1123 1397 utilitati
1138 1356 1462 1412 anteponunt.
1514 1347 1688 1399 Otium
1706 1356 1875 1399 autem
1902 1368 1950 1397 22

134 1446 185 1499 rs
208 1430 348 1494 quod
378 1427 503 1480 dicis
530 1444 653 1489 esse,
682 1426 934 1478 adsentior
949 1446 964 1490 3
999 1445 1169 1478 verum
1202 1428 1272 1478 oti
1304 1430 1489 1479 fructus
1518 1437 1592 1479 est
1624 1446 1727 1480 non
1759 1445 1874 1480 con-

207 1510 367 1562 tentio
399 1509 567 1571 animi,
602 1510 692 1560 sed
726 1508 969 1560 relaxatiO.
1043 1511 1202 1574 Saepe
1237 1527 1297 1560 ex
1332 1527 1504 1561 socero
1539 1527 1654 1562 meo
1688 1510 1870 1573 audivi,
1895 1508 1931 1557 6

209 1609 327 1649 cum
363 1591 405 1642 is
440 1590 628 1642 diceret
669 1606 896 1641 socerum
937 1607 1081 1641 suum
1123 1591 1350 1643 Laelium
1389 1609 1583 1658 semper
1619 1595 1720 1644 fere
1758 1609 1874 1643 cum

209 1672 442 1739 Scipione
466 1672 666 1723 solitum
691 1671 912 1723 rusticari
936 1689 1122 1737 eosque
1150 1672 1503 1724 incredibiliter
1537 1690 1879 1739 repuerascere

207 1771 318 1807 csse
336 1754 521 1816 solitOS,
539 1770 655 1804 cum
679 1770 760 1804 rus
786 1770 845 1804 ex
868 1754 990 1805 urbe
1008 1762 1264 1819 tamquam
1288 1772 1317 1804 e
1340 1755 1514 1805 vinclis
1539 1755 1877 1807 evolavissent.

136 1854 188 1891 πο
210 1838 331 1888 Non
357 1837 522 1886 audeo
550 1835 718 1887 dicere
749 1837 814 1886 de
845 1834 1026 1885 talibus
1049 1835 1176 1896 viriS,
1204 1837 1293 1886 sed
1324 1844 1494 1887 tamen
1525 1836 1594 1887 ita
1628 1838 1754 1887 solet
1775 1853 1882 1887 nar-

209 1936 315 1970 rare
350 1920 607 1980 Scaevola,-
636 1919 855 1968 conchas
888 1933 975 1967 eos
1004 1925 1054 1968 et
1085 1916 1350 1968 umbilicos
1379 1919 1444 1969 ad
1477 1917 1702 1969 Caietam
1735 1927 1784 1969 et
1815 1919 1882 1969 ad

205 2003 516 2053 Laurentum
543 2001 720 2065 legere,
738 2015 1006 2051 consuesse
1041 2008 1091 2050 et
1125 2000 1191 2050 ad
1220 2015 1423 2050 omnem
1455 1999 1609 2049 animi
1640 1999 1882 2051 remissio·

205 2099 328 2135 nem
362 2083 639 2147 ludumque
674 2083 992 2133 descendere.
1067 2080 1148 2132 Sic
1184 2080 1318 2132 enim
1353 2098 1430 2132 res
1466 2098 1574 2132 sese
1608 2083 1773 2144 habet,
1808 2091 1877 2142 ut,
1907 2095 1957 2135 23

209 2179 362 2229 quem
385 2165 452 2214 ad
476 2165 684 2214 modum
707 2162 921 2214 volucris
945 2163 1173 2213 videmus
1206 2162 1559 2228 procreationis
1583 2171 1733 2227 atque
1757 2163 1882 2213 utili·

138 2261 188 2306 ²⁵
211 2244 326 2296 tatis
349 2261 468 2296 suae
492 2260 642 2303 causa
659 2246 888 2310 effingere
914 2253 963 2295 et
987 2253 1272 2295 construere
1297 2244 1456 2306 nidos,
1479 2246 1680 2295 easdem
1698 2253 1880 2306 autem,

208 2343 329 2377 cum
359 2325 549 2391 aliquid
580 2326 843 2388 effecerint,
872 2325 1070 2376 levandi
1102 2325 1284 2376 laboris
1317 2326 1394 2375 sui
1422 2343 1572 2376 causa
1605 2326 1788 2391 passim
1824 2343 1883 2378 ac

212 2407 366 2459 libere
389 2409 575 2461 solutas
600 2424 749 2472 opere
773 2407 990 2468 volitare,
1019 2407 1090 2457 sic
1114 2407 1269 2457 nostri
1300 2407 1455 2457 animi
1484 2407 1693 2472 negotiis
1725 2410 1883 2459 foren-
1946 2462 1949 2465 ,

212 2489 351 2544 sibus
375 2497 525 2554 atque
549 2489 742 2542 urbano
761 2505 909 2554 opere
934 2488 1116 2539 defessi
1139 2489 1351 2553 gestiant
1375 2506 1434 2538 ac
1453 2489 1656 2539 volitare
1680 2489 1883 2554 cupiant

214 2570 358 2620 vacui
381 2587 499 2621 cura
521 2586 580 2620 ac
603 2570 785 2621 labore.
862 2572 1039 2634 Itaque
1071 2570 1206 2629 illud,
1224 2587 1329 2635 ege,
1359 2573 1496 2635 quod
1529 2571 1581 2620 in
1614 2587 1762 2620 causa
1787 2573 1882 2622 Cu·
1907 2590 1958 2631 ²4

139 2667 194 2711 30
215 2651 352 2702 riana
375 2653 641 2702 Scaevolae
661 2651 779 2712 dixi,
802 2669 904 2702 non
923 2651 1023 2702 dixi
1048 2668 1190 2702 secus
1213 2669 1272 2702 ac
1297 2653 1573 2703 sentiebam
1593 2673 1602 2703 ε
1639 2670 1756 2702 nam
1786 2658 1797 2680 ‘
1812 2653 1882 2713 si,'

216 2732 421 2798 inquam
457 2734 735 2793 ‘Scaevola
772 2734 964 2786 nullum
1000 2733 1091 2783 erit
1126 2741 1478 2784 testamentum
1513 2743 1646 2784 recte
1679 2736 1881 2795 factum,

273 2861 327 2901 M
343 2881 380 2898 =
399 2862 544 2904 ΑΕΗ
722 2864 750 2902 6
778 2868 821 2903 et
856 2862 1152 2903 delectationis
1183 2876 1265 2903 om.
1291 2862 1345 2902 M
1457 2876 1545 2902 non
1580 2862 1885 2914 disputationis

216 2929 301 2957 om.
319 2916 373 2957 M
501 2931 530 2969 9
557 2918 737 2958 timeant
750 2917 803 2956 M
936 2930 983 2968 17
1005 2930 1126 2958 suum
1149 2931 1260 2958 recu:
1281 2930 1421 2959 meum
1438 2918 1492 2958 M
1615 2919 1664 2956 18
1686 2930 1884 2968 repuera-

219 2982 343 3011 scere
359 2970 422 3010 Lt
444 2983 750 3022 repuerescere
771 2971 824 3011 M
891 2985 945 3012 20
972 2973 1137 3015 narrari
1158 2972 1213 3011 M
1320 2974 1372 3011 28
1403 2971 1589 3022 gestiunt
1605 3001 1614 3011 .
1642 3002 1650 3011 .
1674 3002 1683 3012 .
1709 2972 1885 3023 cupiunt

223 3023 335 3066 codd.
387 3024 532 3078 Itaque
551 3025 688 3066 delevit
705 3024 941 3066 Lambinus
962 3033 1007 3066 ut
1029 3027 1077 3079 (l.
1104 3027 1175 3079 23)
