2150 3444
733 143 829 194 DE
865 143 1208 194 ORATORE
1279 146 1333 194 11
1893 147 1949 196 18
1976 154 2028 210 7⁶

19 339 21 343 Α
118 283 121 285 ’
202 290 333 345 sunt,
352 281 406 332 id
428 282 614 332 docent
637 290 826 332 ceteros
844 299 858 343 3
894 283 983 332 sed
1008 283 1104 331 hoc
1120 280 1284 330 minus
1310 282 1514 332 fortasse
1539 294 1712 344 errant,
1732 286 1869 348 quod

0 362 17 435 ἐξ
202 379 306 415 non
337 372 400 427 te,
427 371 482 414 ut
519 362 860 413 Hannibalem
895 364 989 424 ille,
1018 363 1107 412 sed
1142 379 1322 428 pueros
1346 372 1433 412 aut
1469 365 1870 415 adulescentulos
1895 416 1915 449 Ι

0 449 12 491 3.-
201 445 382 498 docere
417 445 691 495 conantur.’
763 446 949 504 ‘Erra5,
995 444 1202 505 Catule,'
1243 443 1405 508 inquit
1438 444 1690 494 Antonius
1729 449 1870 495 ‘nam
1897 485 1949 532 77

200 533 400 591 egomet
421 523 474 577 in
506 527 690 576 multos
725 523 824 574 iam
857 523 1185 575 Phormiones
1218 523 1387 575 incidi.
1462 525 1590 588 Quis
1626 526 1761 576 enim
1797 535 1871 576 est

152 620 178 662 5
200 604 410 660 istorum
458 607 778 670 Graecorum,
827 604 914 671 qui
963 621 1270 671 quemquam
1323 615 1549 657 nostrum
1603 607 1870 672 quicquam

201 687 484 754 intellegere
529 687 829 739 arbitretur?
885 689 963 738 Ac
1003 686 1127 739 mihi
1173 686 1380 752 quidem
1427 705 1531 739 non
1570 688 1638 738 ita
1674 689 1871 740 molesti

202 778 317 820 sunt
332 787 347 831 3
381 769 525 822 facile
564 769 728 820 omnis
774 768 1022 836 perpetior
1056 778 1107 821 et
1140 771 1368 835 perfer03
1403 787 1520 820 narn
1558 780 1643 820 aut
1684 770 1872 835 aliquid

198 852 442 913 adferunt,
468 852 607 916 quod
631 850 754 900 mihi
777 868 881 902 non
904 850 1176 916 displiceat,
1202 860 1289 901 aut
1321 851 1552 913 efficiunt,
1585 862 1639 901 ut
1664 870 1744 902 me
1768 869 1871 902 non

200 931 434 984 didicisse
480 927 646 984 minus
692 932 943 1000 paeniteat
957 951 972 996 3
1030 932 1230 985 dimitto
1276 943 1444 984 autem
1493 951 1579 984 eos
1627 951 1730 985 non
1769 943 1870 984 tam

131 1031 180 1062 10
201 1013 563 1068 contumeliose
608 1031 762 1079 quam
802 1014 1159 1080 philosophum
1207 1014 1346 1064 illum
1395 1015 1669 1078 Hannibal,
1712 1025 1763 1066 et
1808 1033 1871 1066 eo

201 1096 406 1147 fortasse
439 1098 552 1161 plus
589 1097 755 1146 habeo
795 1096 945 1146 etiam
981 1096 1162 1162 negoti.
1249 1098 1349 1147 Sed
1385 1106 1552 1148 tamen
1587 1107 1662 1149 est
1696 1114 1869 1149 eorum

200 1177 439 1239 doctrina,
465 1186 709 1242 quantum
743 1194 837 1242 ego
866 1176 1084 1228 iudicare
1116 1194 1338 1242 possum,
1373 1178 1699 1244 perridicula:
1751 1177 1870 1229 divi·
1896 1185 1946 1240 78

199 1259 328 1310 dunt
351 1258 486 1309 enim
506 1267 663 1310 totam
687 1276 791 1309 rem
816 1259 868 1310 in
891 1260 1016 1310 duas
1032 1259 1196 1325 partis,
1216 1259 1266 1308 in
1291 1276 1469 1310 causae
1485 1259 1869 1310 controversiam

198 1348 250 1390 et
272 1339 326 1390 in
347 1339 655 1405 quaestionis
675 1360 685 1390 :
720 1357 923 1390 causam
939 1342 1192 1405 appellant
1207 1357 1311 1390 rem
1331 1340 1544 1406 positam
1563 1340 1615 1390 in
1630 1340 1870 1406 discepta-
1912 1379 1914 1381 ψ

129 1436 177 1482 15
200 1419 337 1472 tione
381 1438 579 1473 reorum
631 1430 683 1471 et
726 1421 1094 1484 controversia3
1150 1421 1496 1487 quaestionem
1545 1431 1711 1472 autern
1764 1439 1869 1475 rem

199 1502 414 1568 positam
445 1503 498 1553 in
529 1502 723 1553 infinita
752 1502 1098 1566 dubitatione3
1144 1505 1211 1554 de
1241 1521 1391 1554 causa
1422 1513 1686 1570 praecepta
1716 1505 1870 1566 dant3

201 1585 268 1635 de
289 1586 444 1635 altera
465 1594 604 1649 parte
627 1584 830 1636 dicendi
855 1584 1035 1635 mirum
1068 1585 1319 1635 silentium
1344 1595 1431 1635 est.
1507 1585 1706 1637 Deinde
1730 1584 1870 1649 quin-
1894 1596 1947 1643 79

200 1681 300 1729 que
322 1665 511 1716 faciunt
533 1665 676 1731 quasi
699 1666 925 1717 membra
958 1666 1287 1731 eloquentiae,
1315 1666 1535 1718 invenire
1570 1666 1692 1731 quid
1716 1666 1868 1727 dicaS,

199 1745 404 1798 inventa
438 1746 719 1812 disponere,
762 1748 948 1798 deinde
995 1765 1171 1798 ornare
1216 1748 1392 1810 verbiS,
1442 1757 1556 1811 post
1603 1747 1872 1798 memoriae

125 1843 179 1877 20
199 1829 450 1892 mandare,
492 1835 600 1878 tum
644 1829 712 1879 ad
752 1838 1025 1879 extremum
1070 1845 1216 1894 agere
1251 1846 1312 1879 ac
1356 1828 1709 1895 pronuntiare3
1766 1846 1870 1878 rem

198 1926 319 1961 sane
332 1926 437 1960 non
459 1909 768 1961 reconditam
784 1927 800 1973 3
834 1910 945 1975 quis
970 1910 1104 1960 enim
1128 1912 1227 1961 hoc
1245 1928 1349 1960 non
1373 1928 1462 1961 sua
1477 1919 1656 1977 sponte
1679 1909 1870 1971 viderit,

198 1990 453 2043 neminem
475 2006 624 2058 posse
652 1990 832 2054 dicere,
860 1991 954 2042 nisi
987 2000 1037 2042 et
1061 1991 1186 2058 quid
1218 1992 1406 2043 diceret
1430 2001 1479 2043 et
1503 1991 1685 2056 quibus
1709 1991 1871 2042 verbis

198 2081 250 2130 et
285 2072 390 2139 quo
429 2072 606 2124 ordine
652 2072 839 2124 diceret
880 2073 1084 2124 haberet
1125 2082 1175 2126 et
1212 2090 1272 2124 ea
1309 2073 1646 2124 meminisset?
1702 2075 1871 2137 Atque

197 2154 324 2208 haec
367 2171 462 2220 ego
507 2171 614 2205 non
659 2155 985 2220 reprehendo,
1035 2155 1125 2204 sed
1171 2163 1288 2204 ante
1335 2155 1508 2204 oculos
1554 2153 1716 2218 posita
1762 2171 1870 2203 esse

126 2251 176 2295 25
197 2234 327 2298 dico,
362 2244 417 2285 ut
446 2253 529 2286 eas
558 2235 678 2286 item
707 2244 953 2300 quattuor,
982 2235 1218 2300 quinque,
1246 2253 1393 2287 sexve
1428 2235 1577 2300 partis
1613 2237 1690 2286 vel
1719 2235 1869 2285 etiam

200 2324 406 2383 septem,
433 2315 672 2380 quoniam
707 2315 846 2366 aliter
880 2317 945 2366 ab
981 2316 1088 2366 aliis
1125 2316 1424 2380 digeruntur,
1452 2316 1503 2365 in
1540 2333 1662 2379 quas
1698 2326 1772 2366 est
1803 2317 1868 2366 ab

198 2396 277 2446 his
317 2396 481 2447 omnis
518 2397 676 2447 oratio
714 2397 1010 2447 distributa:
1059 2397 1235 2447 iubent
1273 2397 1407 2447 enim
1449 2397 1658 2447 exordiri
1695 2397 1775 2458 ita,
1814 2407 1868 2447 ut
1892 2409 1944 2448 80

197 2494 328 2540 eum,
363 2477 450 2543 qui
484 2477 667 2538 audiat,
701 2479 1002 2529 benevolum
1036 2478 1184 2529 nobis
1219 2478 1457 2529 faciamus
1493 2487 1543 2529 et
1571 2478 1786 2529 docilem
1818 2490 1868 2530 et

197 2567 443 2611 attentum
459 2577 474 2620 3
509 2559 694 2610 deinde
717 2577 823 2609 rem
846 2576 1054 2621 narrare,
1083 2570 1132 2610 et
1157 2560 1225 2610 ita
1256 2570 1311 2610 ut
1334 2559 1436 2610 veri
1460 2559 1633 2610 similis
1657 2560 1870 2612 narratio

123 2660 176 2700 30
198 2639 273 2700 sit,
310 2649 367 2690 ut
401 2650 582 2706 aperta,
620 2649 676 2691 ut
709 2640 904 2703 brevis3
955 2650 1070 2707 post
1099 2651 1268 2693 autem
1300 2641 1522 2693 dividere
1557 2658 1756 2692 causam
1783 2651 1870 2693 aut

197 2739 506 2790 proponere3
562 2731 731 2774 nostra
776 2724 1072 2791 confirmare·
1114 2723 1417 2789 argumentis
1461 2741 1521 2774 ac
1565 2722 1871 2786 rationibus3

252 2853 310 2893 M
325 2873 362 2889 ---
381 2853 519 2894 ΑΕΗ
678 2868 704 2897 2
734 2854 804 2894 ille
824 2854 923 2895 add.
945 2854 1095 2896 Pearce
1275 2868 1327 2897 10
1355 2855 1575 2897 Hannibal
1594 2856 1631 2896 is
1649 2885 1660 2896 .
1686 2886 1695 2896 .
1720 2886 1731 2897 .
1756 2861 1799 2896 et
1818 2868 1870 2896 eo

197 2909 331 2960 spano
366 2909 498 2951 mhi-to
542 2909 617 2948 M:
647 2910 833 2959 sortasse
872 2910 993 2950 verba
1029 2922 1114 2951 non
1152 2910 1272 2952 nulla
1309 2910 1598 2950 tmen-iderunt
1628 2915 1726 2963 post
1768 2911 1870 2964 is[te

201 2963 252 3014 16
278 2962 491 3003 infinitam
524 2963 750 3004 divisionis
783 2964 1048 3004 dubitatione
1069 2964 1122 3004 M
1302 2978 1354 3016 25
1384 2978 1462 3005 sex
1479 2965 1545 3006 vel
1567 2965 1695 3006 etiarn
1710 2965 1867 3005 AEm:

196 3029 335 3059 sexne
355 3021 503 3069 partes
521 3016 592 3059 vel
613 3017 740 3060 etiarn
756 3017 809 3058 H
861 3033 915 3070 29
943 3024 988 3059 et
1009 3020 1065 3059 ita
1087 3019 1160 3061 M:
1190 3024 1234 3059 et
1250 3033 1332 3064 om.
1358 3033 1447 3060 recc.
1510 3033 1565 3070 30
1595 3025 1638 3060 et
1656 3019 1800 3060 brevis
1821 3016 1876 3060 M
