2112 3444
93 193 147 246 17
172 198 225 242 77

174 577 223 628 78

176 1056 224 1102 79

709 183 780 231 Μ.
819 184 1028 233 TVLLI
1067 183 1448 233 CICERONIS

248 321 525 373 forensibus
566 322 711 371 rebus
754 321 1076 386 civilibusque
1121 332 1350 383 versatur,
1393 323 1514 387 quin
1561 325 1699 384 sciaS,
1742 341 1906 389 neque

250 418 360 450 eam
389 410 555 451 tamen
589 401 856 462 scientiam,
884 419 1033 466 quam
1057 403 1283 466 adiungis
1308 404 1499 464 oratori,
1527 407 1812 469 complexus
1829 422 1904 468 es,

248 481 503 532 videamus
545 500 607 532 ne
647 485 757 546 plus
796 482 841 532 ei
881 483 1151 533 tribuamus
1193 500 1342 547 quam
1380 502 1455 534 res
1497 494 1545 534 et
1584 485 1759 536 veritas
1800 485 1907 550 ipsa

250 563 520 612 concedat.’
592 562 694 611 Hic
732 564 936 613 Crassus
978 567 1284 613 ‘memento'
1331 564 1490 628 inquit
1539 569 1647 615 ‘me
1693 583 1794 616 non
1841 568 1906 616 de

247 658 373 702 -mea,
401 644 490 692 sed
528 644 590 692 de
628 643 830 693 oratoris
868 645 1098 693 facultate
1133 644 1312 694 dixisse
1328 663 1343 705 3
1377 645 1498 708 quid
1530 645 1662 695 enim
1695 663 1786 697 nos
1821 655 1906 696 aut
1929 665 1952 706 5

248 722 512 772 didicimus
544 732 628 772 aut
664 724 786 774 scire
821 725 1085 788 potuimus,
1117 725 1202 788 qui
1237 734 1351 774 ante
1379 728 1444 775 ad
1479 728 1726 790 agendum
1755 742 1905 790 quam

247 804 313 852 ad
338 805 741 867 cognoscendum
765 804 988 854 venimus
1009 823 1023 866 3
1047 822 1172 868 quos
1190 805 1240 854 in
1260 807 1381 866 foro,
1403 823 1528 869 quos
1547 806 1598 856 in
1616 807 1903 868 ambitione,

248 899 373 946 quos
398 883 448 932 in
474 901 524 933 re
548 884 759 947 publica,
787 901 912 948 quos
936 885 987 934 in
1019 885 1290 935 amicorum
1329 886 1536 950 negotiis
1561 904 1636 936 res
1660 887 1767 952 ipsa
1788 898 1905 938 ante

249 963 462 1013 confecit
491 980 641 1027 quam
673 981 930 1028 possemus
959 965 1146 1028 aliquid
1178 968 1243 1015 de
1274 967 1419 1016 rebus
1451 967 1598 1017 tantis
1631 968 1904 1032 suspicari?

250 1045 403 1104 Quod
428 1043 467 1093 si
499 1044 589 1093 tibi
617 1053 809 1094 tantum
841 1045 892 1094 in
925 1045 1069 1095 nobis
1100 1045 1292 1096 videtur
1326 1063 1447 1107 esse,
1474 1047 1654 1110 quibus
1684 1048 1831 1098 etiarn
1861 1048 1902 1098 si
1929 1063 1978 1094 ιο

247 1123 514 1187 ingenium,
541 1134 595 1174 ut
619 1135 672 1174 tu
704 1135 860 1190 putas,
888 1143 990 1176 non
1022 1126 1232 1176 maxime
1256 1127 1425 1188 defuit,
1453 1128 1677 1179 doctrina
1700 1138 1831 1179 certe
1854 1139 1904 1180 et

248 1203 404 1253 otium
438 1213 486 1253 et
518 1206 717 1255 hercule
752 1206 899 1255 etiam
938 1206 1156 1256 studium
1194 1206 1316 1257 illud
1354 1207 1579 1259 discendi
1612 1209 1905 1259 acerrimum

247 1284 416 1345 defuit,
443 1285 565 1349 quid
590 1303 774 1346 censes,
803 1287 843 1336 si
877 1289 942 1336 ad
978 1287 1184 1337 alicuius
1215 1288 1468 1351 ingenium
1505 1291 1583 1339 vel
1615 1289 1773 1340 maius
1805 1289 1902 1350 illa,

247 1381 374 1427 quae
406 1371 498 1428 ego
535 1382 638 1415 non
673 1366 822 1430 attigi,
849 1367 1155 1428 accesserint,
1183 1370 1380 1431 qualem
1411 1369 1550 1419 illum
1582 1378 1632 1419 et
1662 1378 1904 1434 quantum

166 2495 215 2534 82

247 1454 490 1494 oratorem
514 1447 732 1495 futurum
747 1449 794 1495 ?’
1411 1468 1414 1470 ’
1932 1468 1979 1512 15

313 1527 445 1574 Tum
485 1526 732 1576 Antonius
760 1528 965 1590 ‘probas
998 1527 1145 1576 mihi'
1177 1527 1338 1591 inquit
1374 1527 1506 1588 ‘ista,
1550 1530 1740 1589 Crasse,
1777 1546 1906 1593 quae

247 1604 385 1665 dicis,
411 1622 505 1654 nec
529 1606 705 1655 dubito
737 1606 858 1670 quin
896 1609 1052 1656 multo
1084 1607 1375 1671 locupletior
1398 1607 1449 1657 in
1474 1607 1691 1659 dicendo
1714 1601 1905 1660 futurus

247 1684 321 1744 sit,
349 1684 389 1734 si
414 1685 523 1748 quis
549 1686 773 1737 omnium
797 1704 959 1736 rerum
988 1697 1145 1751 atque
1176 1687 1353 1737 artium
1389 1687 1629 1739 rationem
1661 1698 1904 1740 naturam-

245 1781 343 1828 que
390 1767 847 1830 comprehenderit3
899 1769 988 1816 sed
1034 1767 1246 1831 primum
1292 1768 1346 1818 id
1392 1768 1589 1819 difficile
1635 1779 1709 1819 est
1754 1772 1900 1831 factu,

245 1846 529 1908 praesertim
566 1846 623 1896 in.
663 1849 757 1896 hac
803 1857 970 1898 nostra
1005 1848 1104 1897 vita
1144 1848 1422 1912 nostrisque
1462 1849 1872 1913 occupationibus
1887 1869 1903 1913 3
1927 1873 1978 1903 20

245 1925 428 1976 deinde
468 1926 590 1977 illud
631 1927 778 1977 etiam
815 1930 1085 1978 verendum
1123 1938 1196 1978 est
1233 1946 1297 1978 ne
1337 1930 1675 1979 abstrahamur
1708 1931 1774 1980 ab
1807 1933 1903 1982 hac

245 2006 590 2057 exercitatione
626 2017 674 2057 et
715 2009 1073 2059 consuetudine
1114 2009 1313 2059 dicendi
1354 2010 1578 2074 populari
1614 2019 1664 2059 et
1703 2011 1898 2061 forensi.

246 2085 398 2137 Aliud
444 2087 576 2136 enim
623 2087 744 2138 mihi
790 2090 1044 2152 quoddam
1086 2089 1319 2139 orationis
1365 2106 1519 2153 genus
1566 2106 1673 2139 esse
1709 2090 1902 2140 videtur

244 2184 415 2217 eorum
454 2168 727 2229 hominum,
755 2171 819 2219 de
850 2169 1029 2233 quibus
1062 2172 1210 2233 paulo
1241 2179 1356 2219 ante
1380 2170 1556 2231 dixisti,
1583 2170 1807 2234 quamvis
1830 2171 1900 2220 illi

245 2256 416 2298 ornate
440 2257 488 2298 et
511 2248 717 2312 graviter
739 2258 823 2298 aut
847 2251 910 2299 de
929 2259 1102 2299 natura
1119 2267 1280 2299 rerum
1304 2259 1389 2299 aut
1413 2252 1476 2300 de
1500 2250 1729 2300 humanis
1752 2251 1899 2301 rebus
1925 2266 1973 2307 ²5

243 2330 535 2391 loquantur:
562 2328 775 2381 nitidum
793 2331 1047 2393 quoddam
1066 2346 1221 2394 genus
1245 2338 1319 2380 est
1342 2331 1602 2380 verborum
1627 2339 1676 2380 et
1699 2332 1897 2392 laetum,

242 2417 292 2457 et
332 2410 600 2472 palaestrae
636 2409 790 2473 magis
829 2419 877 2460 et
914 2410 1023 2470 olei,
1067 2426 1216 2473 quam
1257 2410 1403 2460 huius
1440 2410 1594 2460 civilis
1629 2410 1801 2460 turbae
1839 2427 1900 2460 ac

241 2488 344 2538 fori.
418 2491 650 2553 Namque
682 2499 890 2554 egomet,
917 2490 1003 2554 qui
1035 2507 1144 2540 sero
1180 2507 1239 2539 ac
1271 2490 1439 2539 leviter
1475 2492 1688 2541 Graecas
1716 2490 1898 2540 litteras

241 2568 523 2633 attigissem,
551 2580 716 2620 tamen
750 2588 863 2621 cum
899 2588 988 2634 pro
1021 2573 1224 2621 consule
1255 2570 1307 2620 in
1332 2570 1557 2622 Ciliciam
1581 2570 1897 2635 proficiscens

239 2649 484 2701 venissem
531 2653 767 2711 Athenas,
818 2651 1082 2715 compluris
1123 2660 1229 2701 tum
1275 2651 1346 2700 ibi
1391 2651 1496 2701 dies
1544 2668 1654 2701 sum
1699 2659 1897 2715 propter
1919 2667 1972 2707 30

240 2730 503 2794 navigandi
561 2732 897 2781 difficultatem
957 2741 1289 2782 commoratus
1312 2750 1324 2792 3
1381 2734 1483 2792 sed,
1541 2749 1655 2782 cum
1714 2730 1898 2782 cotidie

182 2843 184 2845 -
239 2827 436 2862 mecum
475 2813 708 2862 haberem
745 2812 972 2863 homines
1010 2813 1336 2873 doctissimos,
1363 2829 1449 2863 eos
1485 2814 1585 2875 fere
1621 2811 1770 2876 ipSOS,
1809 2811 1899 2877 qui

253 2975 256 2978 ,
292 2937 346 2976 M
352 2938 484 2991 =HE
709 2953 727 2978 1
758 2946 950 2981 versetur
971 2942 1009 2990 L
1230 2953 1282 2991 31
1316 2940 1391 2981 sed
1422 2952 1515 2981 cum
1543 2939 1683 2981 codd:
1727 2945 1771 2980 et
1800 2950 1894 2980 cum

240 2988 412 3044 Madvig
427 2991 539 3032 Adv.
565 2992 661 3033 Cn't.
683 2993 725 3032 ii.
750 2996 826 3043 185
