2150 3444
108 201 163 248 31
193 207 268 248 125
756 188 825 236 M.
866 188 1075 236 TVLLI
1115 187 1496 238 CICERONIS

294 324 375 374 ille
399 327 533 375 haud
559 342 688 386 sane,
718 342 865 389 quem
895 326 959 374 ad
992 327 1197 375 modum
1231 327 1378 375 verba
1411 336 1561 377 struat
1593 336 1642 377 et
1673 327 1948 392 inluminet,
1994 378 1997 380 .

293 423 322 455 a
363 406 603 470 magistris
641 407 744 456 istis
781 406 992 470 requiret
1009 425 1022 468 3
1074 407 1141 456 ita
1179 407 1319 456 facile
1361 407 1412 455 in
1449 425 1608 457 rerum
1645 410 1949 460 abundantia

293 489 358 537 ad
391 488 622 537 orationis
656 497 944 538 ornamenta
976 488 1080 538 sine
1113 490 1241 539 duce
1273 498 1445 538 natura
1477 489 1595 554 ipsa,
1623 490 1663 539 si
1695 493 1847 541 modo
1875 501 1948 542 est

207 610 271 656 32
294 568 565 628 exercitata,
594 569 867 618 delabitur!

192 671 272 713 126
364 649 465 699 Hic
509 651 714 700 Catulus
767 650 843 700 ‘di
890 650 1221 711 immortaleS‚'
1268 651 1428 715 inquit
1479 657 1741 715 ‘quantam
1787 670 1945 703 rerum
1973 670 1995 710 5

293 730 591 790 varietatem,
636 740 871 794 quantam
910 731 1022 791 vim,
1068 742 1302 795 quantam
1341 733 1549 796 copiam,
1592 734 1780 794 Crasse,
1818 751 1950 784 com-

294 813 464 874 plexus
501 829 552 861 es
591 812 886 875 quantisque
924 830 982 862 ex
1019 813 1253 876 angustiis
1283 823 1525 863 oratorem
1562 817 1773 865 educere
1801 833 1948 865 ausus

295 909 346 940 es
371 901 419 941 et
443 892 494 940 in
527 892 769 942 maiorum
800 909 1001 942 suorum
1038 910 1188 957 regno
1224 896 1512 944 conlocare!
1585 898 1815 960 Namque
1838 897 1948 947 illos

293 981 480 1022 veteres
506 974 735 1022 doctores
760 981 1084 1036 auctoresque
1108 974 1308 1024 dicendi
1332 977 1523 1024 nullum
1547 993 1702 1039 genus
1734 977 1949 1042 disputa-

293 1052 441 1101 tionis
476 1070 505 1102 a
543 1069 595 1102 se
627 1053 844 1102 alienum
878 1062 1077 1116 putasse
1114 1055 1395 1119 accepimus
1428 1073 1720 1121 semperque
1755 1075 1862 1108 esse
1896 1059 1948 1108 in
1977 1081 2024 1109 10

191 1146 268 1192 127
293 1133 430 1182 omni
466 1133 700 1183 orationis
737 1133 926 1183 ratione
961 1143 1208 1196 versatos3
1243 1153 1302 1186 ex
1342 1136 1523 1200 quibus
1554 1138 1691 1187 Elius
1718 1139 1946 1204 Hippias,

292 1231 406 1263 cum
455 1214 738 1278 Olympiam
780 1214 995 1265 venisset
1036 1216 1248 1266 maxima
1293 1217 1377 1267 illa
1422 1218 1781 1283 quinquennali
1827 1223 1949 1271 cele-

292 1295 466 1345 britate
491 1297 735 1356 ludorum,
757 1295 989 1360 gloriatus
1014 1306 1089 1346 est
1112 1306 1291 1348 cuncta
1314 1316 1472 1363 paene
1490 1300 1723 1351 audiente
1743 1301 1950 1352 Graecia

291 1377 413 1426 nihil
449 1394 557 1427 esse
592 1379 691 1427 ulla
726 1377 778 1426 in
813 1386 915 1428 arte
947 1395 1108 1428 rerum
1141 1379 1365 1429 omnium
1396 1383 1533 1444 quod
1568 1381 1674 1448 ipse
1708 1383 1947 1445 nesciret;

290 1475 384 1508 nec
423 1461 583 1508 solum
625 1461 713 1508 has
751 1459 880 1520 artis,
922 1459 1102 1524 quibus
1139 1460 1363 1511 liberales
1399 1462 1653 1512 doctrinae
1688 1473 1838 1528 atque
1877 1463 1949 1513 in-
1972 1481 2021 1523 15

288 1557 479 1604 genuae
508 1540 889 1610 continerentur,
917 1541 1251 1606 geometriam,
1290 1542 1542 1604 musicam,
1569 1543 1837 1594 litterarum
1868 1561 1948 1595 co-

288 1622 562 1685 gnitionem
582 1631 631 1672 et
645 1631 902 1687 poetarum
921 1632 1070 1688 atque
1086 1623 1180 1684 illa,
1202 1641 1328 1689 quae
1344 1626 1408 1674 de
1423 1625 1607 1674 naturis
1625 1643 1800 1686 rerum,
1820 1642 1948 1691 quae

289 1706 353 1753 de
386 1703 646 1753 hominum
686 1704 920 1764 moribus,
955 1721 1082 1768 quae
1118 1707 1182 1755 de
1220 1706 1366 1755 rebus
1404 1706 1615 1770 publicis
1653 1707 1945 1769 dicerentur,

289 1802 336 1834 se
360 1792 511 1834 tenere
539 1786 626 1835 sed
661 1787 879 1845 anulum,
919 1802 1068 1849 quem
1104 1787 1321 1847 haberet,
1348 1787 1565 1850 pallium,
1593 1804 1694 1851 quo
1721 1788 1945 1849 amictus,

293 1882 480 1926 soccos,
521 1865 701 1930 quibus
750 1866 953 1916 indutus
1001 1876 1141 1927 esset,
1184 1865 1277 1935 [se]
1326 1885 1414 1916 sua
1461 1885 1612 1917 manu
1659 1869 1944 1919 confecisse.
1971 1889 2024 1919 20

141 1986 144 1989 .
194 1952 270 1993 128
294 1946 490 1995 Scilicet
514 1947 660 1996 nimis
685 1947 766 1996 hic
791 1947 994 2011 quidem
1027 1958 1101 1998 est
1130 1966 1427 2012 progressus,
1449 1951 1537 2000 sed
1561 1966 1621 1999 ex
1652 1967 1713 1999 eo
1741 1950 1850 2014 ipso
1873 1959 1947 2000 est

293 2027 575 2077 coniectura
598 2028 765 2087 facilis,
795 2038 1036 2092 quantum
1062 2029 1155 2079 sibi
1188 2029 1257 2078 illi
1294 2039 1508 2079 oratores
1541 2032 1606 2080 de
1629 2031 1948 2094 praeclarissi-

292 2108 384 2157 mis
436 2109 622 2158 artibus
673 2109 979 2173 appetierint,
1032 2110 1117 2174 qui
1165 2128 1228 2177 ne
1276 2111 1573 2161 sordidiores
1628 2111 1831 2175 quidem
1878 2130 1948 2162 re-

291 2189 552 2253 pudiarint.
662 2189 799 2252 Quid
874 2193 938 2240 de
1011 2192 1223 2242 Prodico
1283 2192 1391 2252 Cio,
1453 2194 1517 2242 de
1575 2194 1946 2257 Thrasymacho

293 2271 647 2332 Calchedonio‚
709 2273 773 2321 de
832 2275 1097 2337 Protagora
1156 2274 1395 2324 Abderita
1454 2276 1667 2338 loquar?
1735 2290 1946 2338 quorum
1969 2291 2021 2332 25

293 2369 420 2401 unus
479 2353 687 2416 quisque
739 2353 1006 2416 plurimum
1054 2362 1111 2403 ut
1162 2355 1467 2419 temporibus
1525 2355 1619 2404 illis
1678 2355 1826 2405 etiam
1883 2357 1948 2405 de

193 2453 270 2495 129
294 2443 466 2483 natura
503 2451 663 2483 rerum
699 2444 748 2484 et
783 2435 1011 2486 disseruit
1049 2447 1098 2486 et
1134 2437 1337 2501 scripsit.
1412 2440 1527 2501 Ipse
1562 2437 1644 2487 ille
1673 2437 1948 2487 Leontinus

295 2516 513 2579 GorgiaS,
542 2534 642 2580 quo
666 2526 888 2581 patrono,
916 2528 970 2568 ut
996 2521 1136 2569 Plato
1160 2519 1328 2580 voluit,
1356 2518 1656 2584 philosopho
1689 2519 1948 2568 succubuit

292 2606 466 2657 orator,
510 2597 595 2661 qui
632 2607 717 2647 aut
755 2617 857 2649 non
896 2610 969 2649 est
1006 2600 1163 2650 victus
1206 2618 1442 2665 umquam
1480 2618 1510 2650 a
1550 2602 1750 2650 Socrate
1784 2617 1948 2664 neque

294 2695 454 2727 sermo
489 2679 570 2728 ille
596 2680 814 2730 Platonis
839 2698 980 2731 verus
1006 2691 1108 2743 est,
1144 2692 1241 2743 aut,
1269 2683 1309 2732 si
1342 2692 1415 2732 est
1439 2682 1611 2744 victUS‚
1640 2682 1948 2746 eloquentior
1970 2697 2021 2737 30

350 2799 403 2837 M
420 2819 454 2833 =
475 2801 610 2840 AEH
772 2816 790 2842 1
824 2803 939 2843 haud
962 2802 1049 2843 eO:
1089 2810 1161 2843 aut
1189 2804 1300 2845 codd.
1485 2818 1511 2854 4
1540 2805 1777 2844 exercitata
1803 2803 1915 2845 codd.
1936 2819 1946 2844 ε

297 2854 481 2893 excitata
499 2855 652 2895 Schatz
670 2870 679 2896 ε
708 2856 744 2896 si
765 2857 888 2896 modo
908 2863 989 2908 est,
1010 2859 1263 2898 excitabitur
1281 2858 1395 2898 Bake
1497 2858 1713 2901 delabitur,
1726 2857 1780 2896 M
1794 2873 1804 2898 :
1831 2858 1946 2899 labe-

296 2914 364 2948 tur
382 2908 494 2961 vulg.
664 2923 710 2948 11
744 2910 863 2950 Elius
883 2913 992 2963 vulg.
1016 2927 1025 2952 :
1055 2918 1097 2952 et
1129 2913 1220 2951 eius
1254 2912 1333 2964 Μγ
1499 2926 1548 2963 13
1577 2926 1716 2964 paene
1747 2913 1946 2953 audiente

296 2963 408 3013 vulg.
426 2978 434 3001 ε
465 2975 595 3012 saepe
615 2965 881 3004 audientibus
902 2965 950 3003 M
1083 2979 1132 3015 19
1161 2980 1206 3006 se
1227 2973 1378 3006 tenere
1397 2966 1557 3007 addidit
1573 2967 1735 3018 Kayser
1891 2979 1947 3006 20

297 3029 344 3055 se
363 3030 444 3058 om.
469 3016 522 3054 M
671 3019 924 3058 confecisset
942 3019 994 3058 M
1173 3033 1225 3070 23
1246 3022 1496 3070 adpeterent
1515 3020 1567 3059 M
1673 3020 1944 3071 repudiarent

298 3069 351 3108 M
482 3072 535 3109 26
556 3077 600 3110 ut
621 3072 779 3111 addidit
798 3072 951 3124 Campe
1087 3087 1140 3121 29
1167 3074 1302 3114 victus
1321 3088 1403 3114 om.
1426 3074 1479 3113 M
