2150 3444
181 793 208 832 4

686 153 757 202 M.
795 153 1006 201 TVLLI
1043 151 1425 202 CICERONIS

229 296 418 339 ceteros
442 305 471 338 a
497 289 675 340 Crasso
706 306 899 353 semper
931 287 1105 348 omniS‚
1134 287 1219 336 1110
1248 296 1413 337 autem
1438 287 1520 338 die
1543 286 1692 338 etiam
1716 287 1879 352 ipsum
1904 285 1908 290 ’

228 386 259 420 a
290 386 343 420 se
372 379 666 435 superatum.
742 369 1028 434 Deploravit
1064 368 1196 418 enim
1232 384 1400 417 casum
1435 377 1585 434 atque
1618 368 1879 419 orbitatem

229 457 439 510 senatus,
478 450 617 500 cuius
653 450 837 501 ordinis
879 469 909 500 a
949 451 1165 509 consule,
1203 448 1287 512 qui
1329 448 1468 512 quasi
1502 465 1677 513 parens
1718 449 1880 498 bonus

227 538 312 580 aut
349 539 480 581 tutor
508 530 665 581 fidelis
704 549 811 581 esse
849 532 1069 591 deberet,
1105 538 1358 593 tamquam
1389 530 1454 579 ab
1491 529 1658 594 aliquo
1694 528 1881 580 nefario

227 612 477 675 praedone
519 611 807 676 diriperetur
848 609 1197 677 patrimonium
1236 609 1486 674 dignitatis
1501 627 1516 672 3
1565 626 1728 673 neque
1763 625 1880 660 vero
1904 624 1928 666 5

227 708 336 742 esse
376 692 668 753 mirandum,
709 693 763 754 si,
805 710 919 743 cum
956 691 1056 742 suis
1094 690 1309 742 consiliis
1347 708 1450 741 rem
1487 690 1736 755 publicam
1774 706 1882 755 pro-

228 772 452 837 fligasset,
486 774 746 825 consilium
789 782 987 823 senatus
1025 790 1055 822 a
1091 789 1143 822 re
1180 771 1378 837 publica
1414 771 1703 836 repudiaret.
1777 769 1881 820 Hic

227 869 342 903 curn
377 854 567 903 homini
599 863 648 903 et
690 853 971 904 vehementi
1004 862 1053 904 et
1085 852 1268 903 diserto
1304 861 1353 902 et
1386 852 1438 903 in
1467 852 1635 917 primis
1670 851 1783 902 forti
1813 852 1880 901 ad

225 933 550 983 resistendum
583 934 812 997 Philippo
845 933 984 998 quasi
1009 929 1249 997 quasdam
1273 933 1532 983 verborum
1556 935 1687 983 faces
1710 934 1879 982 admo-

224 1013 384 1073 visset,
412 1030 514 1064 non
538 1014 648 1063 tulit
679 1014 760 1063 1116
791 1023 840 1064 61
871 1013 1077 1077 graviter
1100 1012 1275 1063 exarsit
1298 1012 1679 1077 pigneribusque
1701 1011 1877 1062 ablatis
1903 1027 1954 1056 10

226 1096 458 1145 Crassum
514 1093 723 1144 instituit
769 1111 1006 1144 coercere.
1103 1095 1220 1155 Quo
1266 1093 1468 1157 quidem
1515 1093 1623 1157 ipso
1669 1093 1720 1143 in
1766 1095 1880 1144 loco

225 1176 380 1224 multa
419 1191 449 1223 a
491 1175 668 1225 Crasso
709 1174 943 1225 divinitus
985 1173 1119 1225 dicta
1157 1190 1251 1222 esse
1288 1174 1585 1237 ferebantur,
1626 1190 1740 1224 curn
1787 1172 1883 1223 sibi

225 1255 363 1304 illurn
402 1257 657 1306 consulem
695 1272 802 1305 esse
843 1264 1055 1319 negaret,
1094 1254 1175 1303 cui
1216 1263 1412 1304 senator
1452 1254 1557 1318 ipse
1597 1271 1699 1304 non
1737 1261 1878 1304 esset.

204 1337 337 1384 '‘An
371 1345 436 1397 tu,
464 1352 578 1386 cum
608 1353 810 1386 omnem
844 1335 1186 1385 auctoritatem
1222 1334 1435 1385 universi
1467 1334 1652 1385 ordinis
1686 1351 1777 1399 pro
1810 1333 1882 1398 pi-

174 1721 207 1756 2

224 1433 373 1480 gnere
413 1416 596 1481 putaris
638 1433 847 1480 eamque
887 1415 939 1465 in
980 1423 1250 1480 conspectu
1296 1415 1468 1480 populi
1509 1414 1726 1465 Romani
1765 1431 1880 1464 con·
1903 1426 1953 1468 15

226 1497 415 1558 cideriS,
449 1515 529 1548 me
561 1498 636 1547 his
669 1498 915 1548 existimas
948 1497 1229 1562 pigneribus
1263 1496 1464 1547 terreri?
1533 1499 1650 1547 Non
1682 1495 1771 1546 tibi
1799 1496 1882 1545 illa

227 1588 341 1628 sunt
382 1581 650 1639 caedenda,
689 1579 729 1629 si
765 1582 819 1628 L.
850 1580 1084 1630 Crassum
1122 1578 1194 1628 vis
1232 1594 1486 1628 coercere:
1523 1579 1646 1628 haec
1681 1576 1772 1626 tibi
1808 1585 1883 1627 est

227 1659 493 1709 incidenda
536 1659 716 1724 lingua,
759 1676 858 1724 qua
903 1661 981 1709 vel
1028 1661 1195 1709 evulsa
1253 1658 1423 1722 spiritu
1469 1658 1579 1723 ipso
1624 1656 1883 1708 libidinem

229 1749 365 1789 tuam
402 1739 598 1790 libertas
640 1757 751 1790 mea
790 1739 1049 1790 refutabit!
1119 1742 1369 1790 Permulta
1408 1748 1515 1789 tum
1558 1737 1883 1788 vehementis-

228 1819 353 1869 sima
393 1820 710 1871 contentione
755 1820 923 1882 animi,
961 1820 1140 1884 ingeni,
1181 1819 1356 1869 virium
1401 1820 1466 1870 ab
1507 1836 1568 1870 eo
1603 1818 1737 1869 dicta
1773 1835 1880 1869 esse
1904 1835 1955 1864 20

227 1901 486 1952 constabat
527 1901 920 1966 sententiamque
960 1919 1084 1963 eam,
1124 1918 1273 1965 quam
1312 1909 1510 1951 senatus
1547 1902 1776 1965 frequens
1812 1915 1884 1948 se«

227 1990 370 2031 cutus
406 1990 479 2031 est
513 1982 831 2032 ornatissimis
868 1991 916 2032 et
950 1981 1244 2046 gravissimis
1275 1981 1448 2041 verbiS‚
1484 1990 1538 2032 ut
1569 1982 1755 2046 populo
1784 1981 1885 2029 Ro«

228 2078 378 2113 mano
419 2062 534 2112 satis
574 2064 722 2123 fieret,
761 2079 1034 2128 numquam
1075 2072 1274 2113 senatus
1314 2079 1478 2127 neque
1517 2060 1778 2112 consilium
1813 2058 1884 2109 rei

207 2142 456 2207 ·publicae
497 2160 658 2208 neque
699 2146 850 2195 fidem
887 2144 1102 2195 defuisse
1138 2145 1203 2194 ab
1241 2161 1302 2195 eo
1339 2143 1523 2194 dictam
1560 2150 1610 2194 et
1650 2142 1879 2200 eundem,

182 2312 208 2353 6

229 2223 282 2274 id
314 2226 450 2288 quod
487 2224 538 2274 in
572 2225 943 2276 auctoritatibus
981 2225 1260 2291 perscriptis
1298 2233 1466 2285 exstat,
1498 2223 1761 2274 scribendo
1799 2222 1885 2272 ad-
1907 2236 1957 2279 ²⁵

230 2303 391 2355 fuisse.
465 2307 556 2355 Illa
591 2314 842 2370 tamquam
883 2323 1067 2370 cycnea
1111 2306 1203 2356 fuit
1249 2305 1402 2356 divini
1442 2303 1656 2354 hominis
1695 2318 1790 2353 vox
1835 2310 1885 2352 et

230 2385 401 2447 oratio,
436 2403 587 2451 quam
620 2387 761 2451 quasi
793 2396 1130 2452 exspectantes
1162 2395 1276 2451 post
1308 2386 1412 2436 eius
1440 2384 1691 2436 interitum
1725 2381 1886 2432 venie-

231 2466 405 2516 bamus
446 2466 497 2516 in
538 2467 736 2528 curiam,
777 2477 831 2519 ut
871 2468 1128 2533 vestigium
1175 2467 1297 2518 illud
1338 2466 1517 2531 ipsum,
1557 2465 1610 2514 in
1655 2480 1758 2529 quo
1802 2462 1885 2513 ille
1926 2476 1955 2503 ‘5

230 2557 533 2610 postremum
568 2547 833 2610 institisset,
873 2558 1245 2599 contueremur:
1282 2563 1498 2611 namque
1533 2554 1638 2596 tum
1674 2547 1800 2597 latus
1837 2543 1884 2594 ei

230 2627 414 2677 dicenti
446 2629 762 2679 condoluisse
797 2632 1128 2693 sudoremque
1165 2630 1375 2678 multum
1416 2635 1739 2677 consecutum
1775 2641 1884 2674 esse
1905 2637 1958 2681 30

229 2708 553 2760 audiebamus
570 2727 584 2771 3
619 2727 678 2760 ex
710 2727 810 2775 quo
845 2727 960 2759 cum
988 2709 1329 2769 cohorruisset‚
1368 2725 1483 2758 cum
1518 2706 1641 2757 febri
1676 2708 1884 2757 domum

287 2836 339 2875 M
352 2857 386 2871 =
403 2837 539 2876 AEH
648 2851 698 2878 10
724 2838 874 2878 ablatis
893 2838 1004 2890 vulg.
1024 2852 1034 2878 :
1063 2837 1200 2877 allatis
1220 2835 1331 2877 codd.
1446 2848 1495 2874 12
1524 2847 1620 2876 esse
1640 2834 1885 2875 ferebantur

232 2889 489 2930 Lambinus:
519 2892 804 2932 efferebantur
822 2892 932 2932 codd.
1050 2903 1097 2941 15
1127 2896 1302 2940 putares
1322 2919 1332 2931 .
1357 2918 1369 2933 .
1389 2920 1398 2930 .
1421 2890 1667 2930 concideres
1684 2887 1722 2929 L
1834 2887 1886 2926 16

234 2957 301 2987 me
320 2945 386 2986 his
405 2945 494 2984 dett.
514 2959 523 2984 :
553 2946 659 2986 meis
678 2946 766 2986 ML
906 2947 954 2986 18
985 2945 1221 2989 excidenda
1240 2943 1278 2982 L
1442 2955 1495 2992 24
1525 2944 1637 2984 dicta
1655 2942 1708 2981 M
1830 2940 1888 2993 28

234 2998 306 3039 1116
322 2996 389 3038 L:
419 2999 511 3049 ipse
531 2997 583 3038 M
597 3012 607 3039 ι
635 3012 717 3040 om.
745 2997 840 3041 Vici.
1008 3009 1062 3048 30
1091 2996 1250 3037 dicenti
1269 3009 1351 3043 om,
1376 2995 1430 3038 M
1534 2995 1737 3038 doluisset
1756 2993 1809 3034 M
1873 3049 1881 3052 q
