2150 3444
211 150 318 208 831'

281 346 319 394 9

267 419 316 458 32

800 152 870 199 Μ.
909 150 1119 199 TVLLI
1157 149 1538 200 CICERONIS

342 305 400 337 ea
434 287 666 352 gravitate
702 294 751 338 et
783 287 928 352 copia
963 295 1048 346 est,
1077 294 1131 336 ut
1166 303 1294 336 unus
1328 288 1393 337 ad
1428 287 1696 346 dicendum
1730 286 1994 340 instructis-

342 369 494 418 simus
518 386 548 418 a
571 378 743 418 natura
767 385 873 418 esse
891 367 1124 418 videatur.
1175 369 1258 417 Ad
1282 377 1477 417 nosmet
1500 368 1632 431 ipsos
1651 369 1748 426 iam
1766 375 1994 431 revertor,

341 448 578 512 quoniam
617 449 686 497 sic
727 448 908 497 fuimus
950 464 1143 511 semper
1182 448 1464 511 comparati,
1508 457 1564 497 ut
1603 449 1862 499 hominum
1902 467 1995 500 sera

342 529 574 579 monibus
599 528 738 593 quasi
762 528 812 577 in
836 528 1039 592 aliquod
1071 528 1401 578 contentionis
1432 527 1671 578 iudicium
1694 543 1991 579 vocaremun

344 610 480 672 Quid
504 620 605 659 tam
629 609 865 660 dissimile
890 626 1039 673 quam
1063 625 1154 672 ego
1178 608 1229 657 in
1248 609 1462 658 dicendo
1487 617 1535 658 et
1550 609 1796 659 Antonius
1815 612 1838 659 P
1882 627 1996 660 cum
2019 624 2043 666 5

342 691 423 740 ille
458 690 499 740 is
535 690 596 740 sit
631 699 803 749 orator,
843 699 897 739 ut
931 689 1053 737 nihil
1094 706 1155 738 eo
1191 689 1347 754 possit
1386 706 1495 739 esse
1530 689 1866 754 praestantiuS,
1905 707 1997 754 ego

342 781 521 831 autem,
551 787 852 834 quamquam
889 778 1072 819 memet
1106 763 1468 834 mei'paenitet,
1503 786 1619 819 cum
1654 772 1751 819 hoc
1787 770 1997 821 maxime

342 860 508 901 tamen
546 853 597 901 in
636 851 1003 915 comparatione
1043 851 1323 914 coniungar.
1394 850 1669 911 Videtisne,
1705 846 1860 915 genus
1900 853 1998 901 hoc

342 935 480 997 quod
505 932 566 981 sit
589 931 819 981 Antoni?
887 934 1045 991 Forte,
1073 933 1356 992 vehemens,
1379 940 1686 981 commotum
1711 931 1762 980 in
1785 934 1998 995 agendo,
2055 968 2063 974 -

343 1011 706 1077 praemunitum
727 1020 775 1060 et
795 1028 854 1060 ex
872 1010 1009 1059 omni
1027 1019 1163 1074 parte
1186 1027 1364 1060 causae
1381 1020 1620 1075 saeptum,
1637 1028 1765 1072 acre,
1779 1020 1997 1074 acutum,
2023 1030 2074 1060 10

344 1094 670 1152 enucleatum,
696 1091 748 1140 in
781 1107 869 1140 sua
899 1107 1097 1155 quaque
1131 1107 1182 1140 re
1216 1104 1544 1151 commorans,
1566 1092 1776 1140 honeste
1798 1093 1995 1152 cedens,

343 1172 517 1222 acriter
541 1172 822 1235 insequens,
838 1179 1034 1231 terrens,
1063 1170 1361 1235 supplicans,
1379 1187 1573 1220 summa
1594 1170 1828 1220 orationis
1851 1171 2000 1222 varie-

270 1266 322 1310 33
345 1261 462 1314 tate,
498 1254 633 1301 nulla
678 1261 953 1301 nostrarum
994 1250 1186 1300 aurium
1227 1250 1462 1300 satietate.
1533 1251 1643 1301 Nos
1677 1259 1862 1313 autem,
1897 1251 2000 1315 qui-

345 1349 559 1397 cumque
587 1332 638 1380 in
666 1332 881 1382 dicendo
910 1347 1093 1391 sumuS,
1122 1331 1358 1395 quoniam
1389 1348 1496 1381 esse
1525 1331 1694 1396 aliquo
1715 1331 1768 1381 in
1792 1348 1999 1382 numero

343 1413 483 1463 vobis
518 1414 754 1474 videmur,
793 1422 924 1463 certe
959 1422 1125 1462 tamen
1159 1415 1224 1463 ab
1259 1413 1406 1463 huius
1442 1415 1654 1463 multum
1686 1429 1866 1479 genere
1905 1413 2000 1463 dis·
2026 1431 2074 1473 15

343 1503 538 1555 tamus3
589 1496 725 1558 quod
767 1496 912 1558 quale
949 1494 1023 1555 sit,
1068 1511 1170 1544 non
1207 1503 1281 1544 est
1318 1510 1487 1544 meum
1526 1493 1704 1555 dicere,
1742 1502 2001 1558 propterea

343 1578 480 1639 quod
515 1575 718 1625 minime
754 1576 847 1625 sibi
878 1575 1095 1639 quisque
1135 1583 1282 1625 notus
1318 1584 1393 1624 est
1427 1583 1477 1625 et
1516 1574 1802 1625 difficillime
1840 1577 1907 1625 de
1945 1591 2000 1625 se

343 1656 552 1720 quisque
588 1656 734 1705 sentit
750 1674 765 1717 ς
811 1657 899 1705 sed
934 1665 1100 1705 tamen
1136 1655 1485 1705 dissimilitudo
1516 1654 1732 1719 intellegi
1758 1664 1922 1720 potest
1949 1663 1999 1705 et

342 1753 402 1786 ex
430 1745 593 1785 motus
627 1736 725 1785 mei
754 1736 1092 1786 mediocritate
1127 1745 1176 1785 et
1210 1753 1269 1785 ex
1300 1752 1375 1796 eo,
1404 1737 1554 1800 quod,
1581 1735 1762 1800 quibus
1783 1735 1999 1800 vestigiis

341 1817 554 1881 primum
579 1815 746 1877 institi,
771 1816 822 1864 in
855 1817 925 1866 eis
957 1819 1057 1866 fere
1089 1819 1225 1866 soleo
1260 1833 1486 1880 perorare
1514 1825 1563 1866 et
1587 1818 1724 1880 quod
1745 1816 1999 1880 aliquanto
2022 1836 2075 1866 20
2105 1810 2110 1814 ⁴

342 1915 423 1947 me
458 1898 613 1947 maior
647 1898 698 1946 in
722 1897 881 1947 verbis
913 1896 1082 1964 [quam
1118 1898 1170 1946 in
1206 1895 1480 1963 sententiis]
1506 1896 1743 1960 eligendis
1771 1897 1916 1947 'labor
1947 1907 1999 1948 et

343 1994 459 2027 cura
483 1987 677 2041 torquet
699 1986 962 2038 verentem,
990 1995 1066 2039 ne,
1095 1978 1136 2026 si
1164 1979 1312 2041 paulo
1348 1976 1615 2026 obsoletior
1648 1976 1791 2026 fuerit
1825 1978 1994 2039 oratio,

269 2074 322 2116 34
343 2076 445 2108 non
469 2058 618 2122 digna
636 2058 1000 2122 exspectatione
1024 2067 1073 2108 et
1098 2058 1292 2107 silentio
1316 2057 1465 2107 fuisse
1483 2056 1718 2106 videatur.
1785 2059 1938 2120 Quod
1956 2058 1998 2107 si

342 2139 393 2187 in
439 2138 598 2199 nobis,
638 2139 723 2202 qui
763 2140 1011 2199 adsumus,
1053 2147 1218 2188 tantae
1265 2137 1687 2188 dissimilitudines
1725 2145 1852 2198 sunt,
1895 2147 1997 2187 tam

342 2229 502 2270 certae
533 2237 608 2269 res
641 2220 878 2283 cuiusque
913 2217 1138 2284 propriae
1172 2228 1221 2269 et
1255 2218 1308 2268 in
1343 2236 1402 2269 ea
1432 2217 1664 2268 varietate
1695 2220 1794 2268 fere
1821 2218 1998 2268 melius
2021 2238 2071 2280 ²5

341 2317 370 2349 a
395 2301 632 2350 deteriore
664 2302 894 2350 facultate
930 2300 1083 2364 magis
1108 2316 1258 2364 quam
1293 2316 1472 2363 genere
1506 2298 1819 2363 distinguitur
1848 2308 1999 2363 atque

342 2398 490 2431 omne
530 2383 767 2441 laudatur,
813 2383 950 2445 quod
991 2381 1043 2430 in
1082 2397 1173 2430 suo
1213 2398 1391 2445 genere
1428 2382 1700 2445 perfectum
1746 2388 1832 2440 est,
1877 2379 2000 2444 quid

341 2461 563 2521 censetiS,
609 2462 649 2510 si
691 2462 866 2522 omniS‚
908 2461 993 2525 qui
1034 2461 1220 2524 ubique
1261 2470 1375 2510 sunt
1414 2469 1500 2510 aut
1537 2462 1734 2509 fuerunt
1766 2465 2000 2520 oratoreS,

340 2542 571 2605 amplecti
599 2542 908 2602 voluerimuS,
942 2558 1110 2591 nonne
1145 2543 1249 2591 fore
1284 2550 1355 2602 ut,
1379 2550 1502 2604 quot
1533 2549 1766 2602 oratoreS,
1788 2539 1998 2590 totidem

340 2639 497 2687 paene
532 2623 834 2686 reperiantur
867 2639 1046 2686 genera
1081 2621 1321 2672 dicendi?
1391 2623 1467 2670 Ex
1500 2637 1599 2685 qua
1639 2637 1750 2670 mea
1784 2620 1998 2685 disputa·
2019 2636 2071 2678 30

340 2703 475 2753 tione
515 2704 717 2754 forsitan
765 2711 986 2752 occurrat
1023 2702 1158 2762 illud,
1199 2702 1239 2751 si
1279 2718 1438 2766 paene
1478 2701 1860 2751 innumerabiles
1899 2701 1997 2761 sint

399 2845 444 2871 11
478 2833 522 2871 in
541 2845 618 2871 sua
634 2830 789 2872 Adler:
821 2831 865 2870 in
886 2843 1048 2871 summa
1067 2829 1228 2870 Scheibe
1245 2843 1254 2869 ε
1279 2828 1322 2869 in
1343 2842 1428 2869 una
1446 2828 1557 2871 codd.
1577 2844 1587 2870 ι
1615 2842 1702 2870 non
1722 2830 1765 2869 in
1786 2841 1870 2870 una
1882 2821 1997 2870 Bake

343 2898 391 2924 21
425 2886 469 2924 in
488 2887 629 2925 verbis
648 2897 774 2935 quam
795 2886 838 2924 in
863 2884 1087 2924 sententiis
1109 2884 1317 2934 eligendis
1346 2883 1456 2924 codd.
1473 2884 1548 2934 qui
1562 2888 1600 2923 et
1616 2884 1734 2924 aliter
1747 2883 1992 2924 turbantur:

344 2940 386 2978 in
406 2940 546 2979 verbis
573 2939 779 2988 eligendis
798 2938 953 2979 Schatz
1112 2951 1164 2988 24
1193 2943 1293 2977 sunt
1312 2937 1472 2978 addidit
1487 2936 1602 2978 Bake
