2150 3444
111 133 178 190 65
199 137 276 179 262

200 1087 276 1135 263

757 131 826 178 M.
865 130 1075 177 TVLLI
1113 128 1496 179 CICERONIS

299 276 478 329 torum,
503 267 721 317 turmalis
750 267 871 316 dixit
906 267 1176 330 displicere.
1252 269 1570 315 Invertuntur
1595 276 1762 316 autem
1786 267 1950 328 verba,

298 356 366 408 ut,
394 350 599 399 Crassus
622 349 756 411 apud
783 349 852 396 M.
883 350 1179 410 Perpernam
1203 346 1419 396 iudicem
1443 364 1533 410 pro
1557 349 1814 397 Aculeone
1837 364 1953 397 cum

298 429 495 491 diceret,
548 432 716 479 aderat
774 438 944 479 contra
989 431 1299 478 Aculeonem
1350 428 1640 478 Gratidiano
1686 430 1742 478 L.
1780 427 1957 478 Aelius¹

299 510 485 571 Lamia,
514 510 761 571 deformis,
801 519 853 558 ut
887 510 1075 571 nostis;
1129 509 1214 573 qui
1249 526 1365 559 cum
1400 508 1730 572 interpellaret
1763 508 1951 568 odiose,

303 591 613 641 ‘audiamus'
661 591 821 655 inquit
872 593 1221 654 ‘pulchellum'
1258 592 1494 655 puerum’
1543 591 1748 640 Crassus
1767 607 1782 651 3
1838 605 1955 639 cum
1978 603 2002 646 5

300 681 428 722 esset
451 673 667 733 arrisum,
700 677 829 722 ‘non
863 673 1004 736 potui
1028 672 1177 722 mihi'
1202 672 1364 736 inquit
1388 671 1563 721 Lamia
1589 674 1600 696 ‘
1615 672 1826 720 formam
1850 669 1957 734 ipse

300 754 495 818 fingere,
547 745 799 818 ingenium
857 753 1058 817 potui'3
1115 762 1222 802 turn
1280 753 1362 802 hic
1423 751 1738 802 ‘audiamus'
1796 751 1957 815 inquit

302 833 622 883 ‘disertum':
681 837 838 884 multo
873 834 1022 883 etiam
1053 833 1257 883 arrisum
1295 842 1370 883 est
1403 833 1757 882 vehementius.
1831 834 1958 882 Sunt

300 915 448 964 etiam
474 914 555 964 illa
578 924 785 965 venusta
813 924 868 964 ut
891 914 942 964 in
970 915 1198 978 gravibus
1224 914 1492 974 sententiis,
1522 914 1591 963 sic
1623 914 1675 963 in
1699 912 1958 963 facetiis—

299 996 399 1045 dixi
424 995 556 1044 enim
581 997 773 1046 dudum
797 995 1037 1045 rationem
1060 995 1207 1045 aliam
1231 1013 1339 1045 esse
1363 995 1473 1056 ioci,
1499 995 1646 1044 aliam
1671 994 1952 1055 severitatis,

299 1076 518 1140 gravium
556 1085 722 1126 autem
760 1085 809 1125 et
850 1076 1071 1125 iocorum
1113 1093 1265 1124 unam
1307 1092 1416 1126 esse
1453 1075 1956 1124 materiam—ornant

296 1156 442 1220 igitur
465 1156 516 1205 in
541 1156 709 1220 primis
734 1156 1007 1206 orationem
1031 1156 1181 1205 verba
1204 1157 1355 1204 relata
1378 1155 1632 1216 contrarie,
1659 1155 1797 1218 quod
1820 1154 1955 1204 idem

298 1253 453 1300 genus
489 1253 636 1300 saepe
671 1245 745 1285 est
780 1236 927 1286 etiam
959 1238 1187 1297 facetum,
1226 1245 1281 1285 ut
1313 1235 1507 1285 Servius
1536 1235 1618 1284 ille
1650 1235 1812 1285 Galba
1841 1251 1957 1284 cum

297 1316 487 1366 iudices
512 1319 566 1365 L.
606 1316 864 1366 Scribonio
896 1316 1094 1366 tribuno
1122 1315 1280 1380 plebis
1313 1318 1456 1365 ferret
1483 1315 1731 1365 familiaris
1764 1331 1879 1364 suos
1907 1323 1958 1364 et

299 1397 499 1446 dixisset
546 1396 673 1446 Libo
731 1398 959 1460 ‘quando
1005 1398 1223 1457 tandem,
1273 1396 1447 1456 Galba,
1496 1397 1561 1445 de
1612 1394 1822 1445 triclinio
1868 1403 1956 1446 tuo

299 1477 452 1526 exibis
472 1479 518 1526 ?'
580 1481 722 1526 ‘cum
769 1480 847 1526 tu'
895 1477 1055 1541 inquit
1096 1479 1186 1526 ‘de
1224 1477 1455 1526 cubiculo
1501 1476 1694 1526 alieno!
1761 1478 1810 1524 A
1854 1491 1957 1539 quo

299 1576 477 1623 genere
524 1576 587 1608 ne
633 1558 756 1608 illud
803 1559 1007 1622 quidem
1052 1559 1319 1623 plurimum
1365 1558 1527 1620 distat,
1572 1560 1710 1623 quod
1750 1558 1959 1609 Glaucia

207 1675 280 1722 66
305 1642 510 1689 Metello
538 1639 728 1688 ‘villam
753 1639 804 1688 in
829 1638 1023 1688 Tiburti
1047 1640 1215 1700 habes,
1242 1649 1430 1689 cortem
1454 1639 1507 1688 in
1530 1639 1751 1689 Palatio.'

202 1749 281 1801 264

370 1723 446 1769 Ac
468 1720 729 1768 verborum
759 1719 963 1783 quidem
996 1737 1187 1784 genera,
1214 1737 1344 1783 quae
1377 1727 1542 1770 essent
1568 1721 1740 1781 faceta,
1777 1720 1959 1770 dixisse

302 1817 384 1849 me
414 1809 567 1863 puto;
614 1816 775 1848 rerum
809 1801 949 1863 plura
976 1809 1103 1859 sunt,
1142 1817 1300 1863 eaque
1327 1800 1496 1865 magis,
1522 1809 1576 1850 ut
1604 1800 1704 1850 dixi
1734 1810 1863 1862 ante,
1900 1801 1958 1851 ri-

301 1882 478 1930 dentur
494 1899 509 1941 3
557 1879 608 1928 in
650 1879 829 1944 quibus
869 1889 943 1929 est
980 1880 1205 1940 narratio,
1245 1898 1322 1930 res
1358 1898 1477 1931 sane
1511 1880 1722 1931 difficilis
1738 1899 1753 1943 3
1804 1880 1958 1946 expri-

302 1962 484 2010 menda
507 1960 641 2009 enim
664 1968 779 2009 sunt
794 1969 843 2009 et
861 1961 1097 2024 ponenda
1117 1970 1234 2010 ante
1258 1963 1430 2011 oculos
1455 1978 1525 2022 ea,
1553 1978 1682 2026 quae
1698 1960 1958 2011 videantur

301 2051 351 2092 et
373 2041 474 2092 veri
502 2041 689 2101 similia,
718 2043 854 2107 quod
888 2050 962 2091 est
994 2042 1247 2106 proprium
1276 2042 1578 2104 narrationis,
1606 2051 1656 2093 et
1683 2059 1811 2107 quae
1842 2043 1954 2104 sint,

1980 1011 2032 1041 10

1984 1413 2028 1456 ¹5

1982 1819 2034 1849 20

302 2124 438 2186 quod
461 2121 651 2171 ridiculi
680 2122 930 2186 proprium
968 2131 1059 2184 est,
1082 2123 1337 2186 subturpia
1355 2141 1370 2185 ς
1418 2123 1557 2173 cuius
1581 2125 1875 2188 exemplum,
1902 2132 1958 2174 ut
2014 2129 2017 2132 *

301 2201 657 2262 brevissimum,
699 2201 761 2251 sit
807 2219 925 2252 sane
970 2203 1106 2264 illud,
1151 2205 1289 2267 quod
1334 2213 1449 2254 ante
1494 2204 1650 2268 posui,
1693 2205 1854 2256 Crassi
1892 2208 1958 2256 de

292 2283 560 2354 *Memmia
633 2285 698 2332 Et
725 2284 792 2332 ad
822 2285 920 2333 hoc
950 2301 1106 2348 genus
1135 2284 1436 2335 ascribamus
1471 2285 1620 2335 etiam
1655 2286 1957 2337 narrationes

199 2373 278 2425 265
301 2366 636 2428 apologorum.
680 2364 911 2413 Trahitur
934 2364 1083 2414 etiam
1107 2364 1296 2429 aliquid
1315 2383 1374 2415 ex
1387 2365 1602 2426 historia,
1623 2375 1690 2426 ut,
1712 2383 1828 2417 cum
1846 2369 1954 2418 Sex.

302 2444 461 2494 Titius
485 2462 537 2495 se
564 2446 892 2496 Cassandram
912 2462 1019 2496 esse
1042 2446 1240 2507 diceret,
1270 2450 1282 2473 ‘
1300 2449 1508 2497 multos’
1532 2446 1692 2512 inquit
1709 2448 1958 2498 Antonius

306 2530 319 2552 ‘
335 2543 538 2591 possum
587 2536 698 2576 tuos
745 2526 924 2577 Aiaces
971 2527 1143 2578 Oileos
1189 2527 1476 2578 nominare.’
1568 2530 1659 2579 Est
1703 2528 1852 2579 etiam
1897 2547 1958 2580 ex

1982 2224 2031 2266 25

358 2655 412 2695 M
427 2677 462 2690 =
483 2656 536 2695 H
712 2670 730 2697 1
763 2663 807 2697 tfi
828 2658 948 2699 malis
968 2663 1058 2698 erat
1079 2672 1125 2698 m
1288 2650 1315 2698 ὲ
1344 2654 1611 2710 Perpennam
1633 2654 1767 2700 ‘sueto
1786 2658 1956 2701 mendo’
2030 2663 2033 2665 ’

307 2709 425 2761 (Ell.)
447 2710 554 2751 codd.
684 2724 711 2761 3
742 2712 926 2753 Heluius
946 2710 1060 2753 codd.
1196 2714 1224 2752 6
1253 2714 1355 2752 mihi
1375 2727 1458 2754 om.
1483 2712 1539 2752 M
1670 2727 1720 2754 1o
1748 2714 1956 2754 rationem

304 2763 481 2804 Schutz:
503 2765 721 2805 materiam
734 2766 843 2807 codd.
959 2780 1004 2806 11
1029 2765 1218 2816 gravium
1231 2779 1347 2807 recc.:
1368 2780 1572 2817 generum
1590 2766 1685 2808 Hm
1739 2768 1956 2807 materiam

303 2816 482 2857 Schiitz:
513 2821 718 2859 rationem
738 2820 846 2861 codd.
1001 2833 1051 2870 13
1080 2820 1214 2860 Galba
1242 2834 1325 2862 om.
1349 2819 1444 2861 Hm
1614 2823 1663 2862 18
1692 2827 1852 2862 cortem
1870 2820 1950 2874 Lg.

304 2872 381 2920 36:
413 2873 630 2912 cohortem
647 2887 736 2914 recc.
754 2874 874 2926 (ΖΗ)
987 2887 1037 2923 19
1065 2887 1173 2924 quae
1184 2875 1295 2926 vulg.
1321 2889 1331 2914 ε
1359 2888 1482 2926 quam
1501 2874 1569 2916 HI
1673 2886 1725 2925 25
1753 2888 1857 2915 sane
1875 2904 1888 2915 .
1911 2905 1921 2916 .
1943 2905 1956 2916 .

304 2937 375 2964 an·
395 2938 477 2967 om.
497 2925 550 2965 H
566 2928 680 2980 (cum
699 2928 867 2982 lacuna)
890 2940 935 2969 m
1002 2929 1055 2968 de
1076 2926 1277 2968 Memmio
1296 2941 1379 2969 om.
1405 2941 1450 2969 m
1582 2940 1637 2979 27
1667 2929 1849 2970 Sextius.
1859 2926 1958 2968 Hm
