2150 3444
142 175 204 226 25
218 170 271 225 96
753 162 822 209 M.
860 158 1072 207 TVLLI
1109 157 1491 207 CICERONIS

294 300 434 365 quasi
480 300 738 350 verborum
791 295 1241 362 sententiarumque
1287 296 1502 358 floribuS‚
1552 297 1603 348 id
1649 315 1750 348 non
1796 301 1957 350 debet·

295 398 402 431 esse
452 383 615 430 fusum
661 379 981 444 aequabiliter
1026 395 1113 443 per
1162 394 1364 429 omnem
1409 377 1696 440 orationem,
1745 381 1834 430 sed
1879 379 1963 430 ita·

296 461 597 522 distinctum,
647 470 700 511 ut
755 461 851 510 sint
906 459 1046 524 quasi
1092 460 1142 509 in
1198 469 1372 509 ornatu
1419 458 1658 524 disposita
1701 463 1947 525 quaedam

222 553 274 599 97
296 541 504 605 insignia
544 550 593 591 et
632 541 831 591 lumina,
904 543 1076 591 Genus
1112 540 1256 604 igitur
1296 540 1494 591 dicendi
1537 550 1610 591 est
1650 541 1946 606 eligendum,

299 624 435 687 quod
468 622 677 672 maxime
709 631 873 672 teneat
905 639 1003 682 eos,
1041 622 1126 686 qui
1156 621 1373 682 audiant,
1405 631 1453 672 et
1485 623 1622 686 quod
1653 638 1757 673 non
1787 625 1948 675 solum
1970 637 1998 680 5

297 704 521 762 delectet,
549 704 635 752 sed
665 701 813 752 etiam
842 702 948 752 sine
980 701 1201 752 satietate
1232 705 1444 753 delectet
1459 720 1473 765 ;
1507 719 1611 754 non
1642 702 1776 753 enim
1805 719 1837 754 a
1866 718 1951 755 me

298 782 396 830 iam
428 781 693 845 exspectari
726 791 864 846 put0,
894 790 949 831 ut
981 771 1231 843 moneamJ
1262 791 1316 831 ut
1347 782 1571 843 caveatiS,
1604 799 1670 833 ne
1699 782 1849 845 exiliS‚
1883 801 1950 835 ne

299 861 485 910 inculta
525 861 586 910 sit
625 871 784 929 vestra
824 861 996 923 oratio,
1037 878 1101 911 ne
1141 862 1361 925 vulgaris,
1406 879 1470 913 ne
1510 863 1733 914 obsoleta
1748 882 1769 926 3.
1813 863 1949 915 aliud

299 941 537 1005 quiddam
569 941 725 990 maius
760 949 809 990 et
843 941 1038 1004 ingenia
1073 957 1153 990 me
1188 943 1443 991 hortantur
1474 952 1633 993 vestra
1665 953 1716 994 et
1747 952 1951 994 aetates-

224 1023 277 1078 98
302 1021 513 1070 Difficile
553 1020 685 1070 enim
725 1020 862 1071 dictu
896 1030 982 1080 est,
1021 1037 1264 1085 quaenam
1301 1039 1447 1072 causa
1481 1023 1555 1084 sit,
1593 1040 1679 1073 cur
1712 1040 1783 1084 ea,
1821 1040 1950 1089 quae
1973 1038 2026 1070 10

299 1101 510 1151 maxime
535 1117 707 1150 sensus
735 1109 928 1151 nostros
956 1101 1216 1166 impellunt
1244 1105 1494 1166 voluptate
1522 1112 1572 1154 et
1603 1103 1766 1168 specie
1793 1104 1950 1169 prima

297 1181 529 1231 acerrime
564 1190 892 1244 commovent,
926 1182 991 1231 ab
1028 1182 1097 1232 eis
1133 1182 1383 1232 celerrime
1417 1183 1614 1234 fastidio
1648 1186 1868 1248 quodam
1901 1193 1952 1236 et

298 1262 518 1312 satietate
563 1263 908 1312 abalienemur.
1007 1265 1211 1327 Quanto
1257 1265 1479 1314 colorum
1525 1264 1855 1329 pulcritudine
1900 1273 1952 1316 et

296 1344 526 1395 varietate
566 1344 813 1395 floridiora
853 1353 968 1394 sunt
1012 1343 1064 1394 in
1104 1343 1305 1409 picturis
1346 1345 1486 1396 novis
1526 1348 1759 1411 pleraque
1799 1363 1950 1411 quam

295 1427 347 1475 in
383 1425 656 1475 veteribus!
727 1427 870 1488 Quae
916 1435 1095 1485 tamen,
1144 1425 1293 1475 etiam
1334 1425 1374 1476 si
1420 1426 1581 1491 primo
1619 1435 1825 1492 aspectu
1858 1443 1950 1478 nos
1975 1446 2026 1490 15

297 1514 542 1570 ceperunt,
571 1504 753 1555 diutius
778 1522 880 1554 non
905 1507 1152 1555 delectant
1170 1524 1184 1567 3
1218 1523 1334 1556 cum
1359 1505 1522 1557 eidem
1546 1523 1638 1557 nos
1661 1506 1713 1556 in
1736 1507 1952 1572 antiquis

295 1586 474 1636 tabulis
515 1586 599 1636 illo
638 1586 745 1651 ipso
786 1586 985 1636 horrido
1026 1587 1352 1652 obsoletoque
1392 1596 1656 1638 teneamur.
1747 1589 1954 1652 Quanto

297 1654 543 1717 molliores
580 1675 693 1716 sunt
731 1675 779 1716 et
816 1667 1123 1717 delicatiores
1165 1668 1217 1717 in
1259 1677 1406 1718 cantu
1447 1668 1681 1718 flexiones
1719 1677 1769 1719 et
1801 1670 1955 1719 falsae

297 1750 502 1798 voculae
526 1764 675 1812 quam
700 1756 859 1797 certae
884 1757 933 1797 et
956 1764 1152 1798 severae
1172 1753 1181 1798 Σ
1252 1748 1448 1812 Quibus
1473 1758 1639 1799 tamen
1667 1766 1770 1799 non
1797 1750 1956 1803 modo

224 1845 279 1890 99
299 1829 491 1888 austeri,
520 1831 620 1888 sed,
649 1829 689 1878 si
713 1829 905 1893 saepius
930 1830 1067 1890 fiunt,
1095 1829 1359 1880 multitudo
1383 1830 1488 1894 ipsa
1511 1832 1754 1880 reclamat.
1810 1830 1954 1881 Licet
1973 1851 2027 1880 πο

300 1914 396 1960 hoc
430 1910 595 1960 videre
630 1909 680 1958 in
716 1910 913 1974 reliquis
950 1910 1187 1971 sensibus,
1226 1912 1487 1975 unguentis
1529 1911 1691 1962 minus
1731 1912 1818 1963 diu
1857 1929 1953 1962 nos

297 1990 529 2041 delectari
564 2006 757 2039 summa
791 1999 840 2039 et
879 1991 1113 2040 acerrima
1154 1991 1391 2042 suavitate
1430 1992 1643 2043 conditis
1683 2009 1832 2057 quam
1873 1993 1950 2042 his

298 2070 576 2129 moderatiS‚
611 2079 660 2119 et
696 2070 848 2134 magis
883 2070 1069 2121 laudari
1105 2073 1240 2135 quod
1276 2081 1453 2122 terram
1488 2089 1638 2137 quam
1673 2075 1810 2138 quod
1850 2089 1952 2123 cro-

298 2169 412 2201 cum
455 2153 585 2201 olere
622 2150 844 2200 videatur
859 2170 873 2212 3
930 2151 981 2200 in
1023 2152 1132 2217 ipso
1172 2162 1305 2203 tactu
1347 2170 1455 2203 esse
1495 2157 1701 2205 modum
1742 2163 1792 2205 et
1831 2155 1952 2204 mol-

297 2232 518 2282 litudinis
548 2241 597 2281 et
630 2231 851 2282 levitatis.
924 2232 1061 2295 Quin
1097 2233 1245 2283 etiam
1279 2244 1512 2299 gustatuS,
1551 2227 1638 2300 qui
1672 2244 1746 2286 est
1777 2251 1948 2285 sensus
1972 2254 2022 2298 25

298 2332 357 2364 ex
382 2313 612 2364 omnibus
638 2312 847 2362 maxime
878 2314 1178 2378 voluptarius
1210 2315 1395 2380 quique
1423 2316 1730 2366 dulcitudine
1759 2325 1954 2381 praeter

297 2404 486 2445 ceteros
511 2410 683 2443 sensus
707 2403 1061 2457 commovetur,
1086 2412 1237 2459 quam
1260 2397 1359 2447 cito
1382 2397 1446 2457 id,
1475 2399 1611 2462 quod
1634 2399 1778 2447 valde
1804 2394 1950 2447 dulce

297 2486 383 2535 est,
412 2483 696 2538 aspernatur
718 2474 1013 2542 acrespuit!
1084 2476 1209 2538 Quis
1237 2477 1441 2541 potione
1464 2478 1535 2527 uti
1558 2486 1643 2527 aut
1674 2477 1788 2528 cibo
1815 2475 1950 2526 dulci

298 2556 482 2607 diutius
522 2557 721 2619 potest?
770 2572 885 2605 cum
926 2566 1136 2621 utroque
1175 2557 1227 2606 in
1266 2575 1444 2623 genere
1489 2575 1559 2618 ea,
1609 2574 1736 2622 quae
1781 2556 1954 2607 leviter

301 2652 500 2685 sensum
546 2638 796 2700 voluptate
851 2646 1093 2698 moveant,
1143 2638 1373 2688 facillime
1422 2638 1609 2702 fugiant
1659 2637 1945 2688 satietatem.
1972 2656 2024 2696 30

204 2737 281 2765 100
303 2717 382 2766 Sic
414 2716 644 2766 omnibus
677 2716 728 2765 in
759 2718 904 2767 rebus
936 2719 1268 2782 voluptatibus
1303 2719 1527 2769 maximis
1561 2718 1811 2772 fastidium
1845 2718 1950 2768 fini·

355 2857 383 2893 9
410 2846 542 2885 maius
570 2846 712 2896 vulg:
751 2847 885 2896 magis
914 2846 1025 2888 codd.
1188 2860 1237 2886 12
1266 2846 1487 2887 celerrime
1503 2846 1613 2899 vulg.
1636 2861 1646 2886 τ
1673 2846 1947 2886 celeberrime

300 2897 411 2937 codd.
616 2911 667 2948 23
697 2906 853 2939 terram
872 2899 1109 2940 Lambinus
1129 2900 1255 2952 (Plin,
1277 2901 1333 2942 N.
1354 2901 1413 2941 H.
1436 2901 1525 2942 xiii.
1548 2913 1586 2951 3.
1610 2915 1635 2951 4
1653 2915 1663 2951 3
1691 2900 1788 2940 xvii.
1812 2910 1851 2949 5.
1871 2901 1918 2950 3)
1936 2911 1950 2927 2

300 2958 436 2990 teram
464 2958 491 2990 λ
520 2953 746 3001 (Lez'densis
772 2955 1151 3008 supplementum):
1191 2967 1330 2995 ceram
1349 2953 1459 2996 codd.
1559 2974 1563 2978 ·
1586 2967 1638 3004 24
1668 2954 1785 2994 olere
1804 2951 1946 2997 codd:

299 3017 450 3056 sapere
470 3005 633 3046 Plinius
652 3008 675 3046 l.
698 3021 727 3048 c.
949 3010 951 3013 ”
