2150 3444
163 161 230 200 22
252 170 308 212 9⁴
792 153 861 200 M.
901 152 1113 200 TVLLI
1150 150 1534 201 CICERONIS

331 290 575 355 principes
599 291 848 353 exierunt3
898 292 986 341 sed
1010 307 1182 341 eorum
1211 289 1390 354 partim
1426 289 1478 339 in
1513 305 1709 354 pompa,
1735 288 1912 354 partim
1935 287 1990 337 in

245 380 309 429 23
331 371 437 421 acie
476 372 704 422 inlustres
745 389 852 422 esse
893 374 1164 421 voluerunt.
1237 373 1405 434 Atque
1442 379 1492 420 et
1532 370 1615 429 illi,
1655 367 1985 433 Theopompi,

331 451 533 514 Ephori,
572 451 776 511 Philisti,
817 454 1093 501 Naucratae
1129 451 1371 514 multique
1405 450 1488 499 alii
1522 450 1708 499 naturis
1739 450 1988 510 differunt,

331 533 583 580 voluntate
629 541 795 581 autem
843 532 1025 580 similes
1064 540 1181 580 sunt
1222 539 1272 580 et
1318 531 1444 580 inter
1491 547 1598 580 sese
1644 539 1694 579 et
1731 528 1955 593 magistri
1973 546 1989 590 3

332 620 382 659 et
427 611 495 671 hi,
542 611 627 674 qui
674 629 726 660 se
777 613 842 661 ad
891 629 1062 661 causas
1116 613 1443 670 contulerunt,
1499 619 1554 659 ut
1605 611 1984 668 Demosthenes,
2011 626 2035 669 5

335 691 627 754 Hyperides,
674 694 936 755 Lycurgus,
978 691 1266 750 Aeschines,
1310 691 1590 740 Dinarchus
1635 690 1818 753 aliique
1855 705 1990 739 com-

332 774 508 836 plures,
537 772 626 820 etsi
651 771 775 821 inter
799 789 851 821 se
875 789 1015 836 pares
1040 790 1143 822 non
1174 774 1382 831 fuerunt,
1410 781 1578 820 tamen
1603 787 1776 820 omnes
1801 777 1915 818 sunt
1936 768 1989 819 in

333 854 512 901 eodem
537 852 750 903 veritatis
780 852 1047 902 imitandae
1072 870 1249 915 genere
1275 852 1464 912 versati,
1493 869 1703 915 quorum
1728 867 1878 914 quam
1901 849 1990 899 diu

333 932 513 981 mansit
549 932 770 990 imitatio,
811 941 911 981 tam
951 932 1037 981 diu
1074 949 1228 996 genus
1271 932 1392 982 illud
1434 932 1635 982 dicendi
1671 931 1990 994 studiumque

257 1030 309 1073 95
334 1011 452 1061 vixit
459 1030 472 1072 3
505 1021 678 1075 postea
698 1028 846 1075 quam
867 1012 1116 1062 exstinctis
1141 1012 1217 1061 his
1242 1012 1403 1061 omnis
1429 1029 1600 1061 eorum
1624 1011 1864 1062 memoria
1885 1028 1991 1061 sen·
2010 1026 2066 1057 10

334 1092 426 1140 sim
452 1093 712 1141 obscurata
735 1100 809 1141 est
834 1101 882 1141 et
906 1092 1117 1151 evanuit,
1145 1092 1240 1140 alia
1271 1094 1517 1155 quaedam
1541 1091 1742 1141 dicendi
1764 1091 1991 1142 molliora

331 1189 390 1221 ac
425 1171 700 1221 remissiora
734 1189 914 1235 genera
944 1172 1214 1235 viguerunt.
1289 1174 1416 1221 Inde
1453 1173 1804 1231 Demochares,
1841 1188 1991 1234 quem

326 1251 470 1301 aiunt
494 1252 671 1301 sororis
701 1240 857 1301 filium
886 1252 1036 1301 fuisse
1071 1252 1401 1302 Demostheni
1417 1270 1430 1312 3
1488 1261 1594 1300 tum
1621 1253 1886 1300 Phalereus
1908 1250 1992 1301 ille

334 1333 616 1382 Demetrius
666 1332 892 1382 omnium
943 1332 1149 1381 istorum
1202 1349 1315 1382 mea
1366 1332 1610 1382 sententia
1654 1330 1989 1395 politissimus,

331 1413 513 1477 aliique
538 1415 716 1462 horum
749 1413 932 1462 similes
965 1413 1265 1464 exstiterunt.
1340 1414 1483 1475 Quae
1513 1412 1554 1462 si
1585 1414 1809 1463 volemus
1833 1427 1992 1475 usque
2015 1429 2064 1471 15

332 1496 397 1544 ad
444 1496 540 1544 hoc
587 1503 782 1558 tempus
835 1493 1075 1557 persequi,
1131 1493 1486 1557 intellegemus,
1537 1501 1592 1540 ut
1643 1491 1795 1541 hodie
1843 1491 1992 1540 etiam
2021 1509 2027 1515 ·

333 1575 737 1624 Alabandensem
762 1574 900 1623 illum
937 1575 1219 1623 Meneclem
1252 1582 1301 1623 et
1330 1573 1435 1623 eius
1465 1575 1661 1622 fratrem
1688 1571 1988 1631 Hieroclem,

333 1671 460 1718 quos
506 1672 599 1719 ego
644 1655 823 1714 audivi,
876 1664 980 1704 tota
1031 1654 1247 1704 imitetur
1299 1653 1430 1713 Asia,
1482 1653 1551 1702 sic
1600 1669 1798 1716 semper
1842 1651 1992 1702 fuisse

258 1740 312 1793 96
333 1736 563 1800 aliquem,
591 1735 730 1784 cuius
756 1752 807 1784 se
833 1734 1003 1784 similis
1028 1734 1249 1798 plerique
1274 1751 1382 1784 esse
1406 1735 1600 1784 vellent.
1674 1735 1825 1782 Hanc
1847 1731 1992 1796 igitur

334 1815 707 1866 similitudinem
746 1816 830 1878 qui
868 1815 1143 1865 imitatione
1178 1814 1385 1878 adsequi
1423 1816 1568 1874 volet,
1612 1830 1727 1863 cum
1765 1811 1993 1863 exercita·
2012 1830 2067 1861 20

333 1896 552 1946 tionibus
578 1895 758 1946 crebris
783 1904 932 1958 atque
958 1895 1147 1958 magnis
1173 1904 1278 1944 tum
1306 1895 1570 1944 scribendo
1595 1894 1807 1943 maxime
1831 1910 1992 1958 perse-

333 1986 511 2041 quatur
526 1995 540 2038 3
590 1978 727 2040 quod
763 1976 802 2025 si
838 1978 960 2026 haec
996 1985 1162 2025 noster
1198 1976 1443 2040 Sulpicius
1477 1978 1669 2036 faceret,
1697 1977 1856 2024 multo
1885 1975 1990 2024 eius

334 2058 490 2108 oratio
525 2067 653 2107 esset
681 2058 924 2121 pressior3
973 2057 1023 2105 in
1049 2074 1148 2120 qua
1178 2074 1311 2106 nunc
1347 2056 1609 2116 interdum,
1649 2064 1703 2105 ut
1738 2055 1790 2104 in
1825 2054 1990 2104 herbis
2024 2105 2027 2109 Α

334 2137 501 2186 rustici
527 2140 686 2187 solent
711 2138 875 2188 dicere
899 2137 951 2186 in
975 2154 1169 2186 summa
1193 2138 1429 2197 ubertate,
1458 2137 1585 2186 inest
1609 2135 1822 2185 luxuries
1846 2151 1991 2198 quae-

257 2227 310 2275 97
334 2219 465 2278 dam,
504 2235 630 2281 quae
666 2218 778 2268 stilo
813 2220 1128 2281 depascenda
1160 2220 1263 2267 est.²
1335 2217 1436 2266 Hic
1473 2216 1717 2280 Sulpicius
1754 2220 1860 2266 ‘me
1886 2215 1992 2279 qui·
2016 2234 2064 2276 25

329 2299 477 2347 -dem'
500 2298 660 2362 inquit
695 2303 852 2348 ‘recte
889 2314 1075 2357 mones,
1105 2298 1256 2361 idque
1290 2297 1412 2346 mihi
1442 2306 1632 2361 gratum
1658 2305 1766 2358 est3
1814 2297 1903 2347 sed
1926 2311 1991 2346 ne
2075 2290 2078 2294 ’

331 2387 381 2428 te
406 2378 622 2442 quidem,
650 2379 852 2439 Antoni,
881 2381 1092 2428 multum
1128 2379 1423 2442 scriptitasse
1447 2378 1682 2427 arbitror.'
1752 2379 1886 2426 Tum
1906 2377 1990 2428 ille

332 2460 502 2522 ‘quasi
525 2463 667 2510 vero'
692 2461 852 2524 inquit
882 2465 1010 2510 ‘non
1037 2478 1095 2510 ea
1127 2460 1424 2524 praecipiam
1450 2459 1568 2518 aliis,
1598 2475 1725 2522 quae
1750 2458 1872 2508 mihi
1895 2458 1990 2522 ipsi

330 2539 521 2590 desint:
575 2542 663 2590 sed
688 2550 854 2590 tamen
880 2558 943 2591 ne
976 2542 1167 2590 tabulas
1201 2540 1404 2604 quidem
1439 2542 1684 2590 conficere
1708 2539 1987 2590 existimor:

330 2636 498 2669 verum
523 2630 571 2669 et
595 2621 646 2669 in
683 2623 780 2670 hoc
813 2639 873 2670 ex
901 2639 952 2670 re
987 2620 1211 2670 familiari
1244 2638 1355 2670 mea
1387 2628 1436 2669 et
1462 2620 1515 2669 in
1551 2619 1636 2669 illo
1668 2637 1728 2669 ex
1750 2636 1824 2679 eo,
1851 2619 1988 2682 quod
2013 2631 2064 2670 30

329 2700 457 2761 dico,
485 2704 777 2764 quantulum
803 2701 854 2751 id
880 2718 1095 2765 cumque
1119 2710 1205 2761 est,
1235 2701 1356 2764 quid
1381 2700 1557 2750 faciam
1582 2699 1786 2750 iudicari
1806 2708 1984 2769 potest.
2014 2737 2016 2741 .

385 2823 439 2862 M
453 2842 487 2856 =
510 2824 646 2863 AEH
805 2838 831 2864 2
860 2830 986 2874 atque
1007 2825 1079 2865 M:
1110 2825 1223 2875 atqui
1235 2823 1423 2864 Ellendt:
1452 2824 1594 2873 itaque
1613 2823 1724 2874 vulg.
1837 2836 1863 2872 4
1890 2830 1989 2862 sese

330 2884 373 2918 et
389 2879 426 2916 L
445 2892 454 2916 ε
485 2892 582 2918 sese
603 2877 656 2916 M
774 2892 796 2928 7
819 2891 905 2918 non
919 2892 998 2918 om.
1018 2878 1072 2916 H
1180 2891 1228 2928 14
1248 2878 1570 2929 potentissimus
1583 2876 1679 2915 Mm
1791 2877 1842 2915 16
1859 2876 1987 2917 hodie

329 2931 439 2982 vulg.
461 2946 470 2970 :
500 2932 627 2971 etiam
648 2931 721 2971 M:
747 2932 880 2972 -etiam
902 2933 1026 2971 hodie
1045 2931 1211 2971 Ellendt
1388 2932 1438 2970 18
1467 2931 1654 2970 imitatur
1671 2929 1783 2982 vulg.
1932 2941 1986 2979 23

332 2985 521 3037 pressior
539 2986 647 3037 vulg.
668 3000 676 3025 :
698 2986 834 3038 psidio
850 2986 956 3024 HE²
967 2998 1021 3035 32
1036 3000 1045 3025 ε
1065 2986 1202 3035 psidia
1213 2985 1255 3023 A
1261 2984 1317 3024 Ει
1442 2986 1495 3024 28
1514 2998 1602 3023 non
1616 2983 1772 3024 seclusit
1783 2982 1985 3022 Fn’ednkh
