2150 3444
103 167 174 217 40
195 165 267 219 183
753 161 822 207 M.
862 160 1070 210 TVLLI
1109 160 1489 211 CICERONIS

294 296 397 347 fieri
434 315 547 348 cum
583 298 831 363 superiore
865 299 1142 360 divortium,
1173 299 1224 349 in
1254 299 1561 350 concubinae
1599 302 1764 354 locum
1801 302 1947 352 duce-

193 386 270 442 184
293 381 463 429 retur?
547 381 691 430 Haec
730 380 874 444 igitur
914 389 963 431 et
1004 383 1181 431 horum
1221 379 1399 432 similia
1438 381 1543 431 iura
1583 398 1700 431 suae
1739 381 1946 435 civitatis

294 459 601 524 ignorantem
630 470 847 511 erectum
875 471 924 512 et
953 464 1152 523 celsum,
1178 461 1325 511 alacri
1354 471 1402 511 et
1430 471 1661 526 prompto
1687 479 1772 516 ore
1798 473 1948 529 atque

293 544 444 602 vultu,
470 544 570 591 huc
597 551 744 606 atque
773 542 888 592 illuc
916 542 1190 592 intuentem
1218 542 1379 607 vagari
1408 560 1522 592 cum
1551 560 1729 608 magna
1755 553 1949 598 caterva

292 630 399 680 toto
422 624 543 683 for0,
569 622 867 686 praesidium
891 624 1150 675 clientibus
1174 633 1323 688 atque
1351 641 1499 688 opem
1527 624 1697 677 amicis
1721 634 1770 676 et
1793 641 1947 690 prope
1969 642 1993 684 5

293 703 482 753 cunctis
507 702 695 754 civibus
714 706 875 757 lucem
898 704 1064 768 ingeni
1082 714 1130 756 et
1149 705 1323 755 consili
1347 705 1422 755 sui
1446 705 1775 770 porrigentem
1797 715 1948 772 atque

246 836 268 870 Ι
291 786 593 845 tendentem,
620 802 789 835 nonne
811 785 862 834 in
886 785 1054 849 primis
1078 774 1375 850 flagitiosum
1399 788 1676 850 putandum
1699 787 1813 839 est?

361 868 427 915 Et
450 865 685 930 quoniam
717 868 781 916 de
817 866 1124 930 impudentia
1160 866 1273 928 dixi,
1301 867 1592 931 castigemus
1622 867 1770 918 etiam
1794 865 1949 932 segni-

293 955 445 997 tatem
468 946 728 997 hominum
751 956 900 1011 atque
931 947 1187 1010 inertiam3
1220 965 1337 999 nam
1369 948 1410 999 si
1441 957 1570 999 esset
1604 947 1696 999 ista
1730 947 1948 1012 cognitio

293 1027 410 1078 iuris
456 1045 634 1092 magna
678 1038 827 1092 atque
884 1028 1107 1090 difficilis,
1156 1037 1322 1078 tamen
1379 1028 1600 1080 utilitatis
1657 1028 1948 1093 magnitudo
1972 1048 2022 1082 ιο

293 1109 497 1158 deberet
530 1108 757 1158 homines
791 1109 857 1158 ad
891 1107 1261 1171 suscipiendum
1289 1108 1514 1158 discendi
1536 1108 1757 1158 laborem
1780 1108 1950 1172 impet

292 1191 420 1242 lere:
474 1191 575 1249 sed,
617 1206 648 1238 o
694 1188 746 1238 di
791 1188 1104 1249 immortaleS,
1145 1206 1247 1238 non
1295 1189 1510 1238 dicerem
1555 1191 1666 1250 hoe,
1715 1189 1948 1242 audiente

293 1271 541 1329 Scaevola,
568 1269 662 1318 nisi
686 1269 802 1332 ipse·
815 1269 978 1319 dicere
1010 1271 1188 1320 soleret
1219 1269 1399 1320 nullius
1423 1269 1538 1319 artis
1562 1269 1656 1321 sibi
1679 1269 1947 1325 faciliorem

191 1358 266 1400 186
292 1350 624 1415 cognitionem
670 1350 835 1400 videri.
933 1352 1085 1412 Quod
1131 1350 1334 1415 quidem
1380 1349 1522 1400 certis
1580 1351 1645 1400 de
1701 1350 1861 1405 causis
1917 1367 1948 1405 a

292 1431 537 1495 plerisque
570 1430 708 1480 aliter
742 1429 1071 1484 existimatur:
1119 1430 1348 1494 primum,
1375 1430 1492 1495 quia
1530 1439 1718 1481 veteres
1753 1430 1838 1493 illi,
1858 1430 1946 1496 qui
1972 1453 2019 1495 1⁵

291 1511 407 1560 huic
462 1510 695 1560 scientiae
751 1513 1078 1574 praefuerunt,
1126 1510 1430 1560 obtinendae
1486 1520 1635 1575 atque
1691 1512 1947 1575 augendae

291 1592 541 1656 potentiae
587 1609 704 1642 suae
751 1609 898 1641 causa
942 1591 1215 1656 pervulgari
1267 1601 1422 1642 artem
1469 1609 1608 1642 suam
1655 1593 1919 1645 noluerunt
1933 1610 1950 1654 3

290 1673 485 1735 deinde,
528 1683 701 1738 postea
741 1690 890 1737 quam
928 1683 1002 1724 est
1047 1673 1250 1734 editum,
1300 1672 1531 1737 expositis
1577 1689 1607 1724 a
1645 1674 1736 1724 Cn.
1779 1672 1949 1725 Flavio

288 1754 502 1819 primum
526 1753 816 1814 actionibuS,
844 1755 965 1804 nulli
999 1757 1210 1816 fuerunt,
1237 1754 1323 1819 qui
1358 1754 1441 1803 illa
1468 1753 1728 1806 artificiose
1759 1753 1950 1818 digesta

287 1835 556 1900 generatim
594 1845 948 1899 componerent
965 1854 979 1897 3
1029 1835 1152 1886 nihil
1194 1844 1268 1886 est
1308 1835 1457 1895 enim,
1499 1835 1637 1899 quod
1682 1835 1748 1886 ad
1791 1842 1947 1885 artem
1971 1854 2022 1883 20

288 1916 441 1980 redigi
478 1916 645 1980 possit,
680 1915 774 1964 nisi
810 1915 892 1965 ille
928 1914 1075 1978 prius,
1116 1915 1201 1979 qui
1238 1915 1321 1965 illa
1356 1923 1504 1975 tenet,
1544 1930 1756 1979 quorum
1791 1923 1946 1969 artem

287 1997 540 2046 instituere
557 1997 673 2056 vult,
695 1996 844 2045 habet
867 1995 1000 2045 illam
1020 1995 1290 2056 scientiam,
1309 2004 1365 2046 ut
1389 2013 1449 2053 ex
1472 1994 1541 2045 eis
1556 1995 1716 2055 rebuS,
1738 2011 1947 2059 quarum

188 2082 265 2136 187
288 2094 365 2127 ars
402 2078 626 2127 nondum
664 2076 739 2137 sit,
781 2085 934 2125 artem
982 2077 1172 2126 efficere
1218 2075 1385 2140 possit.
1461 2077 1580 2129 Hoc
1623 2074 1785 2136 video,
1823 2076 1946 2126 dum

290 2158 498 2207 breviter
519 2156 757 2207 voluerim
781 2156 957 2216 dicere,
985 2155 1173 2206 dictum
1196 2173 1228 2209 a
1249 2173 1331 2207 me
1355 2172 1462 2207 esse
1485 2157 1635 2219 paulo
1658 2154 1914 2205 obscurius
1931 2173 1948 2216 ;

200 2249 268 2298 42
290 2241 378 2288 sed
403 2238 618 2302 experiar
641 2247 689 2288 et
713 2237 889 2298 dicam,
917 2237 957 2287 si
981 2247 1167 2301 potem,
1193 2237 1399 2302 planius.
1472 2236 1656 2287 Omnia
1678 2238 1791 2297 fere,
1817 2251 1947 2300 quae
1969 2253 2018 2295 ²5

290 2328 404 2370 sunt
428 2321 662 2369 conclusa
692 2335 826 2368 nunc
857 2318 1056 2379 artibuS,
1083 2318 1303 2408 dispersa
1339 2327 1389 2369 et
1425 2317 1660 2381 dissipata
1690 2317 1944 2381 quondam

289 2401 515 2461 fuerunt,
563 2407 617 2449 ut
653 2399 704 2448 in
743 2398 942 2448 musicis
980 2398 1172 2450 numeri
1209 2407 1258 2448 et
1294 2415 1441 2450 voces
1479 2406 1528 2449 et
1559 2396 1728 2458 modi3
1761 2396 1812 2448 in
1835 2413 1947 2486 geo-

291 2480 463 2529 metria
521 2479 830 2539 lineamenta,
872 2482 1072 2541 formae,
1122 2479 1387 2541 intervalla,
1435 2477 1830 2543 magnitudines·
1815 2516 1830 2539 ,
1893 2476 1946 2531 in

289 2560 549 2624 astrologia
586 2559 708 2612 caeli
745 2561 1014 2622 conversiO,
1040 2569 1188 2622 ortu3,
1216 2560 1380 2611 obitus
1412 2569 1676 2624 motusque
1698 2559 1948 2618 siderum;

289 2641 340 2690 in
372 2643 697 2705 grammaticis
738 2653 993 2707 poetarum
1026 2642 1349 2707 pertractatio,
1377 2641 1686 2692 historiarum
1711 2638 1943 2704 cognitio,
1967 2657 2020 2699 30

290 2722 549 2773 verborum
574 2724 930 2788 interpretatiO,
949 2723 1302 2788 pronuntiandi
1333 2722 1535 2787 quidam
1559 2738 1743 2783 sonus;
1775 2721 1827 2771 in
1850 2722 1949 2781 hac

290 2802 506 2866 denique
540 2803 645 2868 ipsa
681 2805 868 2855 ratione
905 2804 1104 2855 dicendi
1139 2803 1426 2868 excogitare,
1453 2819 1640 2863 ornare,
1665 2802 1942 2866 disponere,

191 899 265 949 185

349 2945 368 2972 1
399 2933 540 2972 locum
571 2947 690 2975 rece:
729 2934 821 2974 loco
845 2933 936 2973 LH
1159 2935 1187 2973 8
1225 2934 1477 2988 segnitatem
1513 2945 1563 2974 ex
1593 2932 1741 2985 Nonio,
1768 2932 1812 2984 p.
1840 2935 1940 2982 174:

294 2987 514 3037 segnitiem
534 2988 614 3027 sive
631 2988 853 3037 segnitiam
874 2987 984 3028 codd.
