2150 3444
0 0 213 263 Γ
770 152 865 201 DE
900 148 1240 200 ORATORE
1317 149 1341 198 I
1902 161 1969 210 33
1996 167 2073 210 150

217 294 431 363 paratius
470 304 620 358 atque
654 291 927 344 accuratius
964 290 1140 341 dicere.
1215 291 1379 353 Caput
1413 299 1580 339 autem
1613 299 1700 350 est,
1727 292 1879 353 quod,

217 385 272 430 ut
307 393 420 426 vere
460 375 639 436 dicam,
691 373 895 424 minime
940 371 1146 423 facimus
1185 371 1279 437 (est
1316 370 1448 420 enim
1484 370 1649 434 magni
1684 372 1879 432 laboris,

217 474 367 524 quem
402 456 624 522 plerique
659 454 908 520 fugimus),
945 471 1094 518 quam
1131 452 1397 518 plurimum
1434 452 1658 503 scribere.
1732 453 1881 503 Stilus

216 538 432 604 optimus
470 547 519 588 et
560 535 1005 602 praestantissimus
1043 534 1245 585 dicendi
1286 537 1487 584 effector
1523 552 1582 584 ac
1619 535 1883 599 magister3

169 635 193 678 5
215 636 379 684 neque
407 619 583 669 iniuria
597 637 613 680 3
648 635 763 668 nam
788 617 829 667 si
854 616 1068 667 subitam
1093 625 1142 666 et
1166 615 1417 666 fortuitam
1447 615 1720 665 orationem
1751 634 1882 668 com-

215 699 454 752 mentatio
477 709 527 750 et
551 699 784 764 cogitatio
808 698 951 748 facile
975 697 1140 758 vincit,
1168 699 1298 747 hanc
1322 696 1479 761 ipsam
1505 699 1727 761 profecto
1756 697 1882 748 adsi-

214 783 316 834 dua
336 798 396 832 ac
420 781 628 845 diligens
655 779 892 844 scriptura
916 778 1179 843 superabit.
1248 780 1438 829 Omnes
1464 777 1611 839 enim,
1639 778 1741 828 sive
1765 778 1880 829 artis
1909 798 1982 839 151

213 871 328 913 sunt
365 862 463 913 loci
500 861 602 912 sive
643 860 809 926 ingeni
850 860 1109 911 cuiusdam
1150 878 1209 910 ac
1250 860 1555 925 prudentiae,
1600 860 1685 925 qui
1727 863 1881 911 modo

213 942 381 994 insunt
404 943 455 993 in
480 960 539 994 ea
562 960 627 1003 re,
649 944 713 993 de
738 959 837 1006 qua
861 941 1134 1003 scribimus,
1156 941 1530 1006 anquirentibus
1555 941 1700 992 nobis
1726 942 1882 993 omni—

144 1039 193 1071 ιο
213 1041 311 1090 que
333 1023 440 1075 acie
465 1023 631 1089 ingeni
656 1023 1110 1088 contemplantibus
1140 1025 1411 1074 ostendunt
1436 1041 1488 1074 se
1513 1032 1561 1073 et
1586 1033 1850 1074 occurrunt
1868 1043 1882 1086 3

212 1123 488 1171 omnesque
523 1105 797 1156 sententiae
832 1106 1080 1170 verbaque
1116 1105 1298 1166 omnia,
1330 1122 1458 1169 quae
1491 1114 1605 1155 sunt
1641 1105 1880 1171 cuiusque

211 1187 402 1252 generis
438 1187 650 1238 maxime
686 1186 920 1248 inlustria,
953 1187 1046 1237 sub
1080 1204 1290 1237 acumen
1322 1187 1418 1236 stili
1448 1187 1656 1236 subeant
1692 1196 1740 1237 et
1777 1206 1882 1238 suc-

212 1270 393 1319 cedant
434 1286 637 1320 necesse
678 1278 787 1331 est,
836 1278 941 1319 tum
984 1267 1091 1332 ipsa
1131 1268 1411 1319 conlocatio
1454 1269 1881 1334 conformatioque

211 1351 473 1401 verborum
506 1350 754 1416 perficitur
786 1350 837 1400 in
870 1349 1148 1411 scribend0‚
1176 1368 1277 1401 non
1307 1350 1518 1414 poetiCO,
1547 1353 1635 1401 sed
1660 1354 1880 1416 quodam

142 1449 188 1492 ¹5
212 1431 426 1483 oratorio
467 1450 676 1484 numero
718 1442 767 1483 et
808 1434 974 1483 modo,
1050 1435 1194 1482 Haec
1233 1441 1360 1493 sunt,
1393 1449 1520 1496 quae
1557 1434 1795 1483 clamores
1832 1443 1880 1484 et
1908 1452 1982 1493 152

210 1513 562 1565 admirationes
598 1514 650 1564 in
688 1513 834 1564 bonis
872 1513 1147 1564 oratoribus
1181 1513 1398 1564 efficiunt
1415 1533 1430 1576 ,-
1470 1531 1633 1579 neque
1666 1533 1724 1565 ea
1753 1516 1880 1580 quis-

210 1611 376 1658 quam,
404 1595 499 1646 nisi
524 1595 611 1646 diu
636 1597 948 1660 multumque
984 1595 1275 1660 scriptitarit,
1308 1595 1457 1646 etiam
1487 1596 1527 1646 si
1556 1598 1880 1649 vehementis-

210 1675 334 1727 sime
370 1694 423 1728 se
458 1677 510 1728 in
546 1677 622 1728 his
659 1677 832 1728 subitis
870 1677 1171 1728 dictionibus
1204 1678 1485 1739 exercuerit,
1518 1689 1881 1743 consequetur,

210 1767 259 1808 et
291 1758 378 1823 qui
415 1777 446 1809 a
483 1759 730 1810 scribendi
766 1759 1126 1810 consuetudine
1160 1761 1227 1810 ad
1263 1759 1532 1809 dicendum
1569 1760 1716 1822 venit,
1748 1763 1879 1812 hanc

139 1857 188 1888 το
208 1841 367 1890 adfert
390 1842 689 1903 facultatem,
717 1850 785 1902 ut,
814 1841 962 1891 etiam
996 1841 1161 1891 subito
1190 1841 1231 1891 si
1261 1840 1406 1902 dicat,
1435 1850 1600 1891 tamen
1627 1842 1721 1903 illa,
1750 1860 1878 1907 quae

209 1921 449 1984 dicantur,
476 1922 654 1973 similia
685 1922 977 1987 scriptorum
1011 1940 1118 1972 esse
1146 1922 1405 1973 videantur
1425 1942 1439 1984 3
1473 1932 1622 1988 atque
1647 1923 1809 1986 etiam,
1838 1925 1879 1975 si

209 2005 412 2067 quando
453 2003 504 2054 in
541 2004 758 2055 dicendo
799 2004 1034 2069 scriptum
1073 2004 1287 2054 attulerit
1324 2004 1526 2068 aliquid,
1565 2023 1679 2055 cum
1715 2007 1781 2056 ab
1817 2024 1878 2056 eo

208 2083 500 2147 discesserit,
535 2086 723 2150 reliqua
756 2086 927 2136 similis
960 2085 1115 2136 oratio
1148 2095 1478 2150 consequetur
1495 2105 1509 2147 3
1544 2096 1598 2136 ut
1627 2087 1876 2138 concitato
1906 2105 1983 2149 153

207 2165 417 2231 navigio,
445 2184 561 2217 cum
594 2168 802 2232 remiges
833 2167 1166 2228 inhibuerunt,
1194 2167 1370 2217 retinet
1402 2177 1568 2217 tamen
1602 2168 1708 2232 ipsa
1739 2170 1876 2220 navis

134 2266 183 2308 25
207 2257 400 2298 motum
433 2258 482 2299 et
515 2266 713 2299 cursum
746 2267 891 2300 suum
926 2249 1204 2299 intermisso
1235 2248 1423 2312 impetu
1452 2251 1697 2313 pulsuque
1722 2267 1878 2300 remo-

206 2345 330 2390 rum,
357 2329 429 2379 sic
456 2329 508 2379 in
541 2330 764 2381 oratione
795 2341 1045 2396 perpetua,
1077 2348 1190 2380 cum
1222 2330 1401 2394 scripta
1430 2330 1680 2391 deficiunt,
1708 2348 1876 2395 parem

205 2418 374 2460 tamen
397 2410 590 2461 obtinet
614 2412 771 2462 oratio
794 2412 982 2477 reliqua
1007 2430 1204 2463 cursum
1232 2411 1523 2476 scriptorum
1554 2411 1876 2464 similitudine

205 2500 255 2541 et
294 2491 343 2541 vi
385 2492 643 2542 concitata.
732 2495 793 2543 In
842 2494 1103 2544 cotidianis
1152 2504 1318 2544 autem
1370 2493 1874 2545 commentationibus
1902 2534 1980 2578 154

205 2571 441 2636 equidem
465 2573 587 2623 mihi
610 2575 1011 2625 adulescentulus
1036 2593 1312 2640 proponere
1341 2576 1562 2626 solebam
1589 2574 1721 2624 illam
1747 2593 1877 2625 exer-

133 2671 185 2712 30
207 2652 492 2704 citationem
518 2654 743 2716 maxime,
772 2672 871 2719 qua
895 2658 950 2707 C.
981 2657 1264 2708 Carbonem
1293 2667 1515 2707 nostrum
1547 2657 1686 2707 illum
1719 2656 1877 2706 inimi-

206 2750 321 2783 cum
363 2735 562 2785 solitum
601 2754 709 2786 esse
750 2737 822 2786 uti
863 2737 1095 2798 sciebam,
1134 2748 1188 2788 ut
1223 2748 1307 2789 aut
1347 2739 1567 2789 versibus
1610 2738 1875 2804 propositis

205 2831 355 2879 quarn
391 2817 603 2867 maxime
637 2818 865 2881 gravibus
901 2828 986 2868 aut
1021 2819 1242 2870 oratione
1277 2820 1443 2884 aliqua
1484 2823 1611 2871 lecta
1651 2823 1717 2871 ad
1758 2838 1872 2871 eum

203 2897 369 2965 finem,
413 2915 563 2963 quern
606 2900 844 2950 memoria
890 2918 1088 2965 possem
1136 2904 1571 2967 comprehendere,
1616 2920 1725 2953 eam
1769 2921 1871 2953 rem

399 3043 447 3082 17
478 3031 561 3072 nisi
581 3031 694 3072 codd.
716 3045 725 3072 z
758 3032 841 3074 nisi
859 3033 932 3083 qui
953 3032 1189 3074 Lambinus
1209 3047 1303 3074 cum
1325 3048 1412 3075 recc.
1436 3048 1518 3076 non
1541 3035 1669 3076 nullis
