2150 3444
104 159 170 208 34
199 155 272 205 138
757 143 825 190 Μ.
866 143 1075 192 TVLLI
1114 142 1495 192 CICERONIS

295 280 589 344 accepimuS,
635 279 978 331 Clazomenius
1027 280 1107 331 ille
1154 282 1469 345 Anaxagoras
1509 282 1581 331 vir
1626 299 1849 333 summus
1894 283 1946 333 in

293 361 616 411 maximarum
654 379 814 411 rerum
853 362 1084 412 scientia:
1120 361 1286 425 itaque
1324 362 1404 411 hic
1442 362 1679 426 doctrina,
1722 363 1944 424 consilio,

293 442 574 506 eloquentia
609 444 851 492 excellens
887 442 1210 506 quadraginta
1243 442 1385 491 annis
1421 443 1628 507 praefuit
1651 444 1862 494 Athenis
1896 453 1947 494 et

194 537 269 579 139
293 524 490 572 urbanis
531 525 709 573 eodem
748 533 969 587 tempore
1007 533 1055 572 et
1096 523 1284 573 bellicis
1321 525 1480 573 rebus.
1554 525 1692 586 Quid
1730 525 1906 576 Critias
1924 529 1947 575 Ρ

291 603 411 666 quid
459 603 779 652 Alcibiades?
831 603 1108 652 civitatibus
1150 603 1351 667 quidem
1394 605 1494 653 suis
1535 621 1638 653 non
1683 606 1818 666 boni,
1856 607 1944 656 sed
1965 621 1990 662 5

289 693 420 733 certe
460 684 593 734 docti
641 694 789 748 atque
826 686 1127 748 eloquenteS,
1170 702 1337 734 nonne
1376 685 1634 735 Socraticis
1675 695 1812 735 erant
1852 674 1946 736 dis-

289 764 625 829 putationibus
667 765 880 815 eruditi?
950 767 1074 829 Quis
1114 766 1329 815 Dionem
1366 767 1674 829 Syracosium
1710 766 1946 816 doctrinis

288 846 520 894 omnibus
557 845 825 908 expolivit?
909 848 1025 895 Non
1070 848 1247 895 Plato?
1330 849 1498 909 Atque
1543 864 1657 895 eum
1695 847 1829 896 idem
1864 847 1946 896 ille

287 943 389 975 non
425 926 619 988 linguae
651 928 825 985 solum,
854 943 1024 975 verum
1060 926 1210 976 etiam
1245 926 1397 975 animi
1421 944 1480 976 ac
1503 927 1692 977 virtutis
1717 928 1947 992 magister

286 1008 351 1055 ad
387 1006 693 1056 liberandam
725 1006 931 1070 patriam
965 1006 1171 1071 impulit,
1200 1006 1438 1067 instruxit,
1466 1008 1682 1058 armavit.
1754 1009 1946 1060 Aliisne
1970 1024 2022 1055 10

286 1087 430 1151 igitur
465 1086 650 1136 artibus
692 1088 826 1135 hunc
870 1086 1087 1135 Dionem
1129 1087 1339 1136 instituit
1372 1089 1526 1148 Plato,
1564 1088 1671 1138 aliis
1705 1090 1946 1140 Isocrates

287 1168 610 1217 clarissimum
668 1167 827 1216 virum
884 1167 1206 1217 Timotheum
1267 1168 1489 1218 Cononis
1542 1170 1948 1233 praestantissimi

287 1248 592 1312 imperatoris
640 1247 810 1308 filium,
863 1265 1112 1297 summum
1166 1249 1329 1312 ipsum
1387 1249 1734 1314 imperatorem
1792 1247 1948 1302 homi-⁴

289 1347 504 1393 nemque
552 1328 937 1380 doctissimum?
993 1339 1079 1380 aut
1126 1330 1233 1379 aliis
1287 1331 1613 1395 Pythagorius
1666 1331 1747 1383 ille
1805 1332 1946 1397 Lysis

287 1411 587 1460 Thebanum
627 1410 1045 1474 Epaminondam,
1081 1412 1215 1461 haud
1256 1411 1359 1461 scio
1393 1429 1458 1460 an
1500 1429 1750 1462 summum
1786 1413 1945 1464 virum
1971 1430 2019 1471 15

288 1509 442 1541 unum
491 1491 652 1540 omnis
701 1491 974 1542 Graeciae?
1021 1502 1106 1541 aut
1152 1494 1438 1556 Xenophon
1490 1493 1812 1557 Agesilaum?
1859 1503 1947 1544 aut

290 1573 540 1622 Philolaus
557 1574 826 1636 Archytam
845 1573 1170 1622 Tarentinum
1185 1576 1208 1623 ?
1240 1583 1325 1623 aut
1344 1573 1449 1637 ipse
1469 1575 1767 1638 Pythagoras
1789 1581 1947 1626 totam

288 1654 422 1702 illam
447 1663 661 1703 veterem
688 1654 860 1704 Italiae
887 1654 1159 1716 Graeciam,
1187 1671 1315 1719 quae
1340 1656 1595 1719 quondam
1620 1672 1798 1719 magna
1820 1655 1950 1706 voci·

289 1743 388 1783 tata
429 1737 542 1784 est?
612 1735 861 1799 Equidem
902 1752 1005 1784 non
1045 1735 1281 1796 arbitror3
1318 1735 1388 1784 sic
1423 1736 1557 1785 enim
1598 1735 1758 1798 video,
1796 1753 1947 1787 unam

288 1817 540 1879 quandam
564 1815 789 1865 omnium
813 1833 987 1878 rerum,
1006 1833 1133 1879 quae
1158 1826 1321 1866 essent
1340 1816 1542 1866 homine
1558 1816 1751 1867 erudito
1769 1817 1948 1882 dignae
1971 1834 2023 1864 πο

287 1906 437 1961 atque
460 1914 534 1958 eo,
553 1897 638 1961 qui
663 1897 713 1945 in
738 1915 789 1947 re
814 1898 1012 1961 publica
1031 1899 1176 1947 vellet
1196 1900 1444 1959 excellere,
1467 1897 1616 1947 fuisse
1641 1898 1916 1948 doctrinam
1933 1917 1949 1960 3

288 1995 439 2042 quam
463 1978 548 2041 qui
572 1978 889 2042 accepissent,
929 1979 969 2027 si
1005 1979 1166 2029 eidem
1203 1979 1402 2043 ingenio
1434 1981 1499 2029 ad
1523 1979 1946 2044 pronuntiandum

289 2059 555 2108 valuissent
579 2067 627 2108 et
651 2075 703 2108 se
726 2060 791 2108 ad
809 2059 1079 2108 dicendum
1103 2076 1303 2123 quoque
1322 2077 1424 2109 non
1449 2069 1752 2125 repugnante
1775 2069 1948 2111 natura

191 2154 266 2198 141
291 2139 557 2199 dedissent,
598 2139 881 2203 eloquentia
921 2139 1232 2203 praestitisse.
1310 2143 1486 2204 Itaque
1519 2141 1624 2204 ipse
1658 2141 1947 2192 Aristoteles

290 2237 405 2269 cum
430 2223 601 2270 florere
628 2222 897 2270 Isocratem
922 2220 1179 2270 nobilitate
1205 2220 1559 2285 discipulorum
1583 2221 1782 2282 videret,
1810 2224 1948 2286 quod
1974 2240 2019 2279 ²5

291 2299 436 2368 [ipse]
463 2318 574 2350 suas
600 2301 957 2365 disputationes
992 2318 1021 2350 a
1055 2302 1213 2351 causis
1238 2302 1514 2352 forensibus
1547 2311 1596 2352 et
1624 2299 1847 2353 civilibus
1882 2305 1948 2353 ad

290 2382 488 2431 inanem
526 2382 764 2432 sermonis
802 2382 1094 2446 elegantiam
1131 2383 1471 2445 transtulisset,
1506 2384 1712 2434 mutavit
1747 2393 1949 2448 repente

290 2473 444 2512 totam
479 2465 687 2513 formam
711 2481 865 2528 prope
895 2463 1186 2528 disciplinae
1221 2481 1338 2514 suae
1370 2482 1665 2529 versumque
1697 2468 1948 2529 quendam

292 2544 596 2594 Philoctetae
619 2547 768 2609 paulo
794 2562 934 2595 secus
960 2545 1110 2595 dixit:
1148 2545 1229 2594 ille
1265 2545 1397 2595 enim
1433 2554 1575 2609 turpe
1610 2545 1704 2596 sibi
1741 2546 1809 2595 ait
1841 2563 1948 2596 esse

292 2634 465 2686 tacere,
501 2643 615 2675 cum
648 2628 894 2686 barbaros,
927 2626 1008 2676 hic
1036 2635 1219 2687 autem,
1248 2643 1362 2676 cum
1400 2628 1669 2676 Isocratem
1703 2635 1948 2691 pateretur
1970 2641 2023 2682 30

293 2706 456 2755 dicere
473 2725 486 2767 3
521 2708 687 2771 itaque
712 2707 901 2757 ornavit
926 2716 974 2756 et
992 2706 1264 2756 inlustravit
1289 2707 1564 2757 doctrinam
1589 2707 1722 2757 illam
1746 2725 1947 2758 omnem

203 1704 268 1752 35

191 1777 269 1820 ¹40

348 2835 399 2873 M
418 2855 452 2868 =
473 2835 608 2875 AEH
766 2850 793 2887 3
821 2837 946 2877 annis
967 2835 1062 2876 Mm
1082 2852 1091 2877 ε
1120 2850 1256 2876 annos
1274 2835 1312 2875 L
1454 2849 1504 2887 14
1534 2837 1659 2889 Lysis
1680 2837 1780 2877 ‘hoc
1797 2850 1947 2878 nomen

292 2902 398 2928 num
418 2890 460 2928 in
481 2890 621 2940 aliquo
635 2890 735 2930 libro
753 2896 875 2930 exstet
891 2891 1031 2930 dubito
1042 2893 1052 2908 ’
1068 2891 1238 2931 Ellendt
1254 2906 1263 2931 :
1289 2890 1441 2942 Lysias
1457 2891 1512 2930 M
1652 2904 1705 2942 25
1732 2893 1845 2942 quod
1863 2921 1874 2932 .
1897 2922 1909 2932 .
1931 2921 1943 2933 .

293 2944 581 2983 transtulisset
601 2945 779 2984 damnat
796 2945 962 2984 Ellendt
1085 2946 1137 2983 26
1165 2946 1256 2996 ipse
1275 2946 1433 2985 seclusit
1448 2945 1650 2987 Friedrich
1670 2961 1679 2986 :
1707 2946 1779 2986 ine
1798 2945 1950 2995 maluit

292 2996 443 3037 Schmz
462 3013 470 3037 :
500 2999 535 3037 is
555 2997 708 3037 Piderit
869 3012 922 3048 29
951 3000 1004 3038 de
1026 2999 1266 3039 Philocteta
1285 2998 1322 3037 L
1343 3000 1454 3050 vulg.
