2150 3444
792 138 887 187 DE
923 137 1266 188 ORATORE
1338 140 1436 188 III⁴
1471 184 1474 186 ,
1958 152 2012 201 13
2031 160 2084 202 50

269 274 472 335 attendi,
517 273 750 340 intellego
769 293 783 337 3
832 275 899 326 ita
946 278 1152 327 confusa
1197 285 1271 326 est
1317 276 1486 336 orati0,
1532 277 1600 326 ita
1640 280 1933 342 perturbata,

269 355 392 406 nihil
416 364 471 406 ut
499 356 561 406 sit
593 357 821 421 primum,
846 357 969 407 nihil
1005 367 1059 407 ut
1093 359 1384 418 secundum,
1413 367 1648 422 tantaque
1678 359 1938 409 insolentia

267 453 327 487 ac
361 438 505 488 turba
539 440 816 500 verborum,
854 449 909 490 ut
943 439 1112 499 oratiO,
1152 456 1280 504 quae
1315 442 1484 490 lumen
1519 440 1756 489 adhibere
1791 442 1938 490 rebus

267 518 432 580 debet,
460 536 520 569 ea
543 520 895 571 obscuritatem
920 530 969 571 et
995 522 1223 571 tenebras
1251 522 1440 571 adferat
1462 530 1613 584 atque
1639 530 1692 570 ut
1717 523 1937 585 quodam

221 617 244 660 5
268 602 423 651 modo
447 601 541 666 ipsi
565 602 659 651 sibi
684 602 735 650 in
764 602 980 652 dicendo
1012 603 1296 666 obstrepere
1321 602 1592 651 videantur.
1666 604 1867 662 Verum,
1896 603 1935 651 si
1962 621 2010 661 51

266 682 442 745 placet,
462 682 706 746 quoniam
731 684 854 732 haec
879 683 994 732 satis
1026 699 1171 747 spero
1195 683 1337 733 vobis
1362 683 1566 747 quidem
1591 693 1722 732 certe
1747 684 1938 733 maiori-

269 763 361 812 bus
385 765 594 813 molesta
616 772 666 814 et
696 763 872 827 putida
894 763 1061 823 videri,
1090 765 1155 813 ad
1187 764 1375 828 reliqua
1405 764 1662 828 aliquanto
1688 764 1937 814 odiosiora

265 845 556 907 pergamus!
629 844 811 909 ‘Atqui
843 844 980 894 vides
997 847 1007 867 '
1032 844 1192 909 inquit
1216 845 1467 895 Antonius
1497 850 1673 909 ‘quam
1710 846 1828 895 alias
1861 863 1935 895 res
1960 864 2015 912 14

263 939 468 988 agamus
494 922 664 991 [quam
701 934 750 975 te
785 925 924 975 inviti
954 925 1252 993 audiamus],
1280 927 1366 991 qui
1401 927 1584 977 adduci
1620 927 1936 991 possimus—

193 1025 243 1055 ιο
264 1006 330 1055 de
354 1021 436 1055 me
459 1005 592 1055 enim
611 1006 1054 1057 conicio—relictis
1079 1017 1133 1057 ut
1158 1009 1304 1058 rebus
1329 1008 1562 1058 omnibus
1588 1018 1635 1058 te
1661 1018 1905 1058 sectemur
1922 1028 1934 1069 ;

265 1083 339 1154 [te
360 1084 645 1154 audiamus]
670 1087 741 1138 ita
761 1089 826 1138 de
855 1088 1065 1138 horridis
1094 1090 1239 1138 rebus
1272 1089 1443 1150 nitida,
1471 1091 1536 1139 de
1568 1089 1744 1139 ieiunis
1769 1091 1928 1152 plena,

262 1169 329 1218 de
352 1168 646 1232 pervulgatis
671 1185 801 1219 nova
825 1171 1070 1233 quaedam
1087 1179 1160 1219 est
1179 1170 1335 1220 oratio
1359 1173 1473 1220 tua.'
1529 1175 1541 1198 ⁴
1561 1170 1750 1220 Faciles
1767 1170 1932 1230 enim‚'
1956 1187 2006 1227 52

262 1247 424 1313 inquit
451 1249 679 1310 ‘Antoni,
718 1259 894 1315 partes·
918 1267 1005 1301 eae
1045 1253 1242 1301 fuerunt
1282 1253 1424 1312 duae,
1466 1268 1588 1315 quas
1630 1253 1784 1301 modo
1832 1267 1935 1315 per-

263 1329 455 1380 cucurri
477 1333 555 1381 vel
578 1331 742 1396 potius
767 1349 926 1396 paene
960 1333 1197 1397 praeterii,
1226 1333 1403 1383 Latine
1426 1333 1664 1397 loquendi
1688 1335 1935 1398 planeque

190 1429 240 1472 15
264 1410 502 1473 dicendi;
545 1412 762 1477 reliquae
797 1423 912 1463 sunt
947 1431 1167 1479 magnae,
1207 1414 1500 1479 implicatae,
1541 1414 1715 1475 variae,
1747 1431 1931 1479 graveS,

262 1493 444 1558 quibus
473 1494 635 1544 omnis
665 1494 925 1544 admiratio
948 1495 1127 1559 ingeni,
1154 1496 1316 1545 omnis
1340 1498 1446 1545 laus
1475 1496 1788 1560 eloquentiae
1820 1512 1935 1545 con-

261 1575 477 1637 tinetur3
522 1592 673 1625 nemo
713 1576 847 1626 enim
888 1593 1127 1640 umquam
1174 1586 1248 1627 est
1286 1586 1543 1637 oratorem,
1579 1578 1718 1641 quod
1756 1577 1933 1628 Latine

261 1658 556 1720 loqueretur,
577 1657 844 1707 admiratus
862 1676 875 1718 3
911 1657 952 1706 si
977 1667 1050 1707 est
1073 1657 1226 1718 aliter,
1246 1657 1474 1718 inrident,
1502 1675 1666 1722 neque
1690 1675 1805 1708 eum
1831 1675 1933 1708 ora-

260 1745 419 1788 torem
437 1746 630 1787 tantum
650 1739 816 1798 mod0,
839 1739 927 1788 sed
951 1737 1206 1788 hominem
1221 1755 1325 1789 non
1348 1746 1524 1802 putant
1544 1757 1558 1800 3
1592 1755 1743 1788 nemo
1762 1739 1932 1789 extulit

186 1839 240 1870 ιο
261 1834 376 1868 eum
390 1818 566 1878 verbis,
585 1819 671 1882 qui
688 1818 756 1868 ita
773 1817 991 1879 dixisset,
1006 1827 1073 1878 ut,
1093 1818 1178 1882 qui
1191 1820 1440 1880 adessent,
1455 1819 1794 1883 intellegerent
1810 1820 1931 1884 quid

258 1898 457 1960 diceret,
485 1901 574 1949 sed
599 1898 897 1963 contempsit
929 1915 1057 1959 eum,
1085 1899 1171 1962 qui
1204 1899 1366 1949 minus
1402 1900 1454 1950 id
1489 1901 1650 1950 facere
1674 1900 1928 1965 potuisset.

259 1981 322 2030 In
368 1996 471 2045 quo
515 1980 661 2045 igitur
714 1979 942 2030 homines
994 1981 1385 2030 exhorrescunt?
1454 1982 1620 2043 Quem
1670 1982 1931 2046 stupefacti
1955 2000 2005 2041 53

257 2061 508 2112 dicentem
549 2062 803 2112 intuentur
819 2064 842 2111 ?
912 2063 974 2111 In
1021 2078 1123 2125 quo
1161 2063 1478 2112 exclamant?
1547 2065 1714 2126 Quem
1761 2064 1927 2124 deum,

258 2152 314 2193 ut
360 2143 428 2193 ita
466 2143 644 2204 dicam,
685 2143 812 2194 inter
858 2143 1086 2193 homines
1132 2145 1346 2207 putant?
1415 2143 1518 2206 Qui
1559 2143 1803 2204 distincte,
1845 2144 1932 2208 qui

186 2243 236 2286 25
259 2223 512 2289 explicate,
539 2225 627 2290 qui
648 2226 973 2286 abundanter,
1001 2224 1087 2289 qui
1122 2223 1414 2274 inluminate
1448 2234 1497 2274 et
1527 2225 1672 2274 rebus
1698 2234 1747 2274 et
1770 2225 1932 2275 verbis

258 2306 432 2357 dicunt
456 2316 506 2357 et
528 2307 580 2356 in
603 2307 710 2371 ipsa
732 2306 955 2357 oratione
979 2306 1121 2370 quasi
1145 2308 1398 2370 quendam
1431 2323 1694 2355 numerum
1719 2323 1932 2356 versum-

256 2403 356 2451 que
393 2387 676 2448 conficiunt,
721 2387 774 2439 id
811 2396 899 2448 est,
943 2389 1081 2452 quod
1122 2387 1250 2447 dieo,
1290 2396 1473 2437 ornate.
1548 2387 1649 2450 Qui
1688 2387 1822 2437 idem
1864 2387 1932 2436 ita

257 2470 589 2529 moderantur,
628 2478 682 2518 ut
717 2485 892 2528 rerum,
931 2477 986 2518 ut
1020 2485 1342 2533 personarum
1376 2467 1640 2532 dignitates
1673 2470 1847 2529 ferunt,
1883 2469 1928 2518 ei

257 2559 373 2600 sunt
395 2550 447 2600 in
479 2567 541 2601 eo
571 2567 750 2615 genere
781 2549 1018 2600 laudandi
1052 2550 1226 2611 laudis,
1253 2552 1391 2614 quod
1423 2567 1516 2614 ego
1543 2559 1716 2615 aptum
1741 2560 1790 2600 et
1813 2567 1928 2600 con-

183 2650 235 2689 30
255 2647 435 2696 gruens
472 2631 693 2682 nomino.
766 2631 868 2694 Qui
909 2631 977 2681 ita
1017 2631 1253 2692 dicerent,
1292 2649 1379 2682 eos
1426 2632 1622 2696 negavit
1661 2634 1827 2682 adhuc
1875 2649 1927 2682 se
1949 2648 2001 2690 54

256 2713 439 2764 vidisse
473 2714 723 2764 Antonius
758 2722 808 2763 et
843 2713 913 2763 eis
949 2715 1045 2763 hoc
1083 2730 1268 2763 nomen
1303 2713 1425 2764 dixit
1461 2713 1775 2778 eloquentiae
1810 2714 1927 2763 solis

311 2827 339 2866 8
366 2838 494 2877 quam
524 2825 772 2865 Manutius:
807 2837 902 2864 cum
931 2824 1044 2866 codd.
1175 2839 1204 2876 9
1229 2837 1356 2876 quam
1388 2856 1397 2866 .
1429 2855 1439 2865 .
1475 2856 1484 2865 .
1519 2825 1739 2865 audiamus
1767 2826 1930 2866 seclusit

258 2879 396 2921 Bake:
428 2881 650 2920 audiamus
669 2893 752 2920 om.
777 2878 886 2919 codd.
897 2879 987 2930 fere
1006 2892 1175 2919 omnes:
1207 2878 1305 2921 add.
1328 2879 1440 2931 vulg.
1556 2880 1768 2930 possimus
1786 2880 1898 2921 codd.
1917 2896 1925 2922 :

258 2947 484 2986 possumus
503 2933 703 2974 Friedrich
865 2947 910 2973 11
944 2939 987 2974 te
1012 2934 1236 2975 audiamus
1255 2933 1435 2975 damnat
1455 2932 1622 2974 Ellendt
1781 2936 1831 2973 18
1862 2940 1927 2974 est

258 2990 386 3030 aliter
404 2988 515 3029 codd.
539 3003 548 3027 :
578 2994 645 3029 est
663 2988 736 3030 del.
762 2988 876 3030 Bake

311 3056 392 3086 cxc.
415 3056 470 3084 m:
491 3056 618 3086 οιιΑτ.
1767 3043 1818 3085 13
