2150 3444
790 107 886 155 DE
922 106 1265 156 ORATORE
1336 108 1421 155 111
1960 107 2130 167 46179

276 244 768 307 conservandamque
782 251 1022 304 naturam,
1040 260 1285 308 nusquam
1306 251 1472 292 tamen
1497 252 1571 292 est
1595 245 1695 293 ulla
1718 260 1828 308 pars
1848 243 1941 292 nisi

276 333 496 375 venusta.
582 323 892 389 Linquamus
933 333 1158 374 naturam
1199 323 1415 388 artisque
1460 323 1730 374 videamus,
1805 325 1942 386 Quid
1969 333 2048 373 180

276 413 379 455 tam
414 404 467 455 in
505 404 701 469 navigio
738 404 1070 456 necessarium
1112 422 1262 469 quam
1300 407 1465 464 latera,
1498 421 1649 468 quam
1688 422 1941 466 cavernae,

275 502 428 550 quam
474 503 632 551 prora,
681 502 832 551 quam
880 486 1072 551 puppiS‚
1124 502 1274 550 quam
1320 495 1581 546 antennae,
1627 502 1778 549 quarn
1819 489 1941 547 vela,
2018 520 2020 522 ψ

227 581 251 623 5
275 583 427 632 quam
452 566 607 618 mali?
641 583 769 632 quae
793 577 961 617 tamen
986 569 1115 617 hanc
1140 568 1327 617 habent
1352 567 1403 615 in
1429 567 1593 631 specie
1618 577 1940 628 venustatem,

275 658 331 699 ut
368 666 471 699 non
510 650 672 699 solum
710 648 892 708 salutiS,
935 651 1023 699 sed
1062 648 1212 699 etiam
1251 649 1519 713 voluptatis
1557 666 1706 699 causa
1744 649 1945 699 inventa

275 746 385 780 esse
424 729 698 780 videantur.
772 730 1051 781 Columnae
1088 731 1275 794 templa
1316 738 1366 779 et
1412 729 1631 793 porticus
1670 730 1944 792 sustinent3

275 819 444 861 tamen
472 811 660 861 habent
693 827 796 860 non
832 812 942 876 plus
979 810 1201 860 utilitatis
1226 828 1377 875 quam
1407 811 1688 876 dignitatis:
1727 812 1942 876 Capitoli

273 891 521 956 fastigium
567 892 690 943 illud
737 902 786 943 et
833 902 1106 943 ceterarum
1151 893 1352 943 aedium
1405 911 1507 944 non
1557 903 1800 953 venustaS‚
1854 895 1943 944 sed

200 994 252 1024 10
272 973 540 1025 necessitas
574 973 682 1038 ipsa
712 974 949 1025 fabricata
983 984 1057 1024 est
1073 993 1087 1036 ς
1123 991 1254 1036 nam,
1282 992 1396 1024 cum
1433 984 1562 1025 esset
1598 975 1768 1025 habita
1802 976 1940 1037 ratio,

272 1071 424 1120 quem
459 1057 525 1106 ad
560 1057 769 1106 modum
805 1073 865 1105 ex
899 1064 1108 1119 utraque
1142 1055 1259 1106 tecti
1293 1065 1430 1120 parte
1462 1073 1592 1120 aqua
1616 1056 1940 1117 delaberetur,

273 1136 536 1188 utilitatem
560 1137 732 1202 templi
757 1137 916 1201 fastigi
946 1137 1159 1202 dignitas
1192 1146 1463 1187 consecuta
1487 1147 1591 1198 est,
1626 1146 1695 1198 ut,
1727 1138 1876 1187 etiam
1902 1137 1943 1187 si

271 1219 324 1269 in
348 1220 489 1269 caelo
513 1218 817 1284 Capitolium
848 1227 1154 1279 statueretur,
1182 1219 1269 1268 ubi
1294 1218 1453 1268 imber
1484 1236 1592 1269 esse
1625 1236 1728 1269 non
1758 1228 1939 1283 posset,

270 1301 459 1349 nullam
497 1298 604 1349 sine
638 1299 833 1363 fastigio
874 1298 1165 1364 dignitatem
1199 1299 1484 1350 habitururn
1517 1300 1666 1350 fuisse
1702 1300 1938 1351 videatur.

199 1393 247 1436 15
272 1382 392 1430 Hoc
427 1379 479 1430 in
515 1379 749 1431 omnibus
785 1380 904 1430 item
941 1381 1161 1445 partibus
1199 1380 1434 1430 orationis
1467 1381 1642 1442 evenit,
1681 1391 1734 1431 ut
1766 1381 1942 1431 utilita-
1969 1389 2043 1430 181

269 1470 370 1512 tem
393 1478 454 1513 ac
477 1478 633 1528 prope
665 1462 1010 1512 necessitatem
1043 1462 1256 1512 suavitas
1289 1464 1535 1527 quaedam
1566 1472 1614 1512 et
1651 1465 1790 1527 lepos
1826 1480 1941 1513 eon—

268 1553 503 1609 sequatur
517 1563 532 1607 3
591 1546 836 1595 clausulas
895 1544 1030 1595 enim
1095 1554 1245 1609 atque
1306 1545 1618 1610 interpuncta
1676 1546 1939 1596 verborum

267 1624 464 1676 animae
510 1626 795 1681 interclusio
836 1634 987 1691 atque
1023 1626 1279 1691 angustiae
1317 1626 1515 1690 spiritus
1552 1628 1850 1677 attulerunt:
1886 1627 1939 1678 id

267 1707 525 1759 inventum
550 1709 619 1759 ita
653 1718 728 1760 est
757 1726 920 1770 suave,
949 1718 1016 1770 ut,
1045 1709 1086 1758 si
1110 1709 1191 1759 cui
1220 1709 1283 1759 sit
1307 1708 1528 1758 infinitus
1554 1709 1751 1773 spiritus
1775 1711 1936 1770 datuS,

192 1811 247 1841 ao
267 1797 435 1840 tamen
477 1807 594 1841 eum
635 1799 926 1856 perpetuare
975 1791 1125 1841 verba
1166 1790 1414 1852 nolimus3
1462 1790 1514 1841 id
1561 1790 1696 1840 enim
1737 1791 1938 1842 auribus

265 1870 445 1923 nostris
468 1880 662 1936 gratum
689 1881 762 1923 est
789 1869 1104 1939 [inventum],
1127 1873 1265 1935 quod
1289 1870 1550 1921 hominum
1576 1871 1809 1922 lateribus
1834 1889 1936 1922 non

264 1953 518 2004 tolerabile
547 1957 724 2016 solum,
752 1957 841 2006 sed
874 1954 1023 2005 etiam
1057 1954 1199 2004 facile
1232 1970 1340 2004 esse
1369 1962 1549 2018 posset.
1623 1954 1937 2018 Longissima
1959 1918 2039 2024 28⁷2

264 2043 340 2084 est
363 2034 510 2099 igitur
524 2036 805 2101 complexio
824 2037 1102 2097 verborum,
1125 2053 1254 2100 quae
1272 2035 1403 2085 volvi
1428 2052 1530 2085 uno
1555 2036 1726 2100 spiritu
1745 2046 1937 2101 potest;

263 2117 353 2167 sed
393 2117 476 2168 hic
522 2127 726 2169 naturae
774 2119 954 2169 modus
1002 2127 1088 2178 est,
1131 2118 1246 2167 artis
1287 2116 1425 2167 alius
1515 2119 1646 2167 Nam
1689 2135 1804 2168 cum
1841 2118 1938 2169 sint

190 2218 238 2261 25
263 2198 458 2248 numeri
493 2201 670 2264 plureS,
699 2199 922 2250 iambum
959 2207 1008 2250 et
1044 2201 1334 2248 trochaeum
1371 2200 1680 2263 frequentem
1718 2210 1938 2264 segregat

261 2279 328 2329 ab
375 2288 568 2331 oratore
610 2280 917 2341 AristoteleS,
959 2282 1150 2341 Catule,
1197 2289 1370 2341 vester,
1415 2280 1501 2344 qui
1548 2289 1723 2330 natura
1768 2290 1936 2332 tamen

262 2359 519 2411 incurrunt
565 2361 660 2426 ipsi
701 2361 752 2411 in
794 2361 1070 2411 orationem
1112 2377 1494 2425 sermonemque
1542 2370 1765 2411 nostrum
1783 2380 1797 2423 3
1846 2364 1935 2413 sed

262 2451 378 2492 sunt
424 2442 642 2508 insignes
690 2443 1031 2508 percussiones
1080 2460 1252 2493 eorum
1300 2460 1619 2494 numerorum
1661 2452 1710 2492 et
1758 2443 1935 2494 minuti

262 2525 430 2588 pedeS.
505 2526 622 2587 Qua
658 2541 709 2575 re
747 2524 963 2588 primurn
992 2525 1058 2575 ad
1090 2525 1298 2574 heroum
1333 2541 1425 2574 nos
1464 2523 1713 2591 [dactylici
1742 2534 1791 2574 et
1822 2542 1935 2575 ana-

190 2625 241 2664 30
262 2604 420 2669 paesti
446 2605 626 2671 spondi
651 2604 854 2673 pedem]
882 2604 1054 2654 invitat
1075 2624 1084 2653 ε
1121 2605 1172 2653 in
1197 2622 1298 2669 quo
1332 2605 1536 2670 impune
1560 2605 1788 2670 progredi
1822 2605 1936 2656 licet

315 2726 369 2766 M
386 2747 422 2761 =
443 2726 581 2767 AEH
729 2741 746 2768 1
779 2741 988 2779 nusquam
1009 2759 1018 2768 .
1046 2757 1054 2766 .
1077 2759 1086 2768 .
1112 2733 1303 2768 naturam
1325 2741 1409 2769 om.
1432 2727 1483 2767 M
1611 2743 1636 2778 4
1665 2734 1866 2769 antemna
1885 2730 1940 2769 M

261 2794 387 2832 quam
426 2782 522 2823 vela
549 2796 632 2823 om.
658 2782 709 2822 M
816 2796 844 2833 9
873 2788 916 2823 et
936 2796 1020 2823 om.
1045 2782 1099 2822 M
1210 2796 1261 2823 10
1290 2788 1406 2822 esset
1426 2781 1464 2820 L
1486 2782 1625 2835 vulg:
1658 2790 1724 2824 est
1740 2782 1794 2822 M
1885 2797 1934 2824 12

261 2835 356 2876 fasti
377 2835 431 2875 M
586 2850 635 2887 14
664 2837 795 2878 fuisse
816 2836 870 2875 M
884 2852 893 2877 ε
924 2850 1020 2877 esse
1040 2838 1152 2888 vulg.
1322 2850 1372 2877 21
1406 2838 1624 2877 inventum
1644 2838 1720 2878 del.
1744 2837 1939 2891 Purgold

260 2903 313 2941 23
342 2893 478 2942 possit
497 2890 535 2930 L
660 2905 712 2942 24
742 2891 850 2932 alius
871 2905 968 2931 nam
989 2905 1073 2932 om.
1096 2892 1149 2931 M
1270 2904 1322 2942 25
1352 2891 1600 2942 frequenter
1618 2891 1684 2931 Hl
1705 2906 1758 2943 32
1880 2907 1934 2945 29

261 2945 416 2997 dactyli
432 2945 469 2984 L
635 2947 789 2997 spondi
804 2946 907 2986 ΑΒ
924 2960 933 2986 :
961 2952 1004 2986 et
1023 2947 1180 2997 spondi
1200 2945 1270 2987 H:
1303 2953 1346 2986 et
1365 2947 1549 2998 spondei
1570 2961 1590 2986 e
1607 2961 1617 2987 ε
1646 2948 1829 2998 spondei
1849 2952 1931 2989 cett.

261 3000 368 3042 dact.
395 3029 406 3042 .
429 3031 436 3042 .
459 3030 470 3043 .
493 3000 647 3053 spond.
670 3000 756 3043 secl.
779 2999 956 3054 Madvig
1063 3014 1118 3052 30
1147 3002 1302 3052 pedem
1322 3001 1395 3043 del.
1418 3000 1586 3042 Ellendt
1679 3002 1873 3043 immutat
1892 3002 1930 3042 L
