2150 3444
97 167 266 218 47204
701 162 708 167 “
748 156 818 204 Μ.
858 155 1067 204 TVLLI
1105 154 1487 206 CICERONIS

286 295 514 347 facillime
538 313 625 347 vos
656 297 722 347 ad
754 313 824 357 ea,
851 312 979 361 quae
1015 295 1205 360 cupitiS,
1231 305 1563 360 perventuros,
1588 296 1655 347 ab
1683 297 1782 348 hoc-
1803 295 1942 349 aditu

186 398 261 439 205
286 377 531 442 ianuaque
571 380 843 442 patefacta.'
916 382 927 404 ‘
945 377 1106 428 Nobis
1147 380 1289 428 vero'
1331 377 1489 443 inquit
1530 377 1774 442 Sulpicius
1823 377 1942 429 ‘ista

286 469 399 510 sunt
421 469 643 524 pergrata
666 476 851 524 perque
875 459 1092 509 iucunda
1112 477 1126 520 3
1175 460 1264 509 sed
1295 475 1454 523 pauca
1481 458 1630 509 etiam
1653 458 1943 524 requirimus

285 541 336 591 in
372 541 641 606 primisque
679 558 749 602 ea,
777 558 904 605 quae
943 542 1086 591 valde
1124 539 1333 590 breviter
1367 558 1396 589 a
1431 549 1493 600 te,
1522 542 1711 601 Crasse,
1741 541 1806 590 de
1836 539 1943 604 ipsa

284 631 387 672 arte
409 639 638 686 percursa
662 631 788 682 sunt,
816 638 928 671 cum
964 621 1046 670 illa
1081 630 1129 670 te
1165 630 1213 671 et
1248 637 1350 671 non
1386 629 1702 671 contemnere
1736 629 1785 670 et
1819 619 1942 670 didi-

287 702 410 752 cisse
435 704 749 753 confiterere:
786 719 844 751 ea
868 702 908 751 si
932 704 1081 765 paulo
1114 701 1257 751 latius
1291 701 1482 761 dixeri5‚
1510 700 1715 765 expleris
1739 717 1940 751 omnem

285 783 700 847 exspectationem
733 782 950 833 diuturni
982 782 1194 832 desideri
1229 782 1382 832 nostri
1398 801 1413 843 3
1447 799 1562 831 narn
1587 799 1733 842 nunc,
1760 781 1941 846 quibus

285 865 586 914 studendum
624 865 770 914 rebus
808 873 936 913 esset
975 863 1271 927 accepimus,
1298 865 1435 928 quod
1471 863 1634 927 ipsum
1669 873 1742 913 est
1773 872 1940 912 tamen

285 962 550 1009 magnum3
615 947 704 995 sed
749 945 850 994 vias
906 961 1073 994 earum
1120 961 1281 994 rerum
1327 944 1667 1008 rationemque
1712 943 1939 1008 cupimus

185 1036 260 1078 206
283 1027 610 1088 cognoscere.'
683 1024 847 1086 ‘Quid
886 1024 955 1084 si,'
979 1024 1138 1087 inquit
1171 1026 1376 1074 Crassus
1412 1024 1674 1088 ‘quoniam
1706 1040 1811 1088 eg0,
1837 1040 1940 1088 quo

284 1105 473 1154 facilius
497 1122 585 1155 vos
608 1106 743 1168 apud
768 1122 847 1154 me
872 1114 1103 1165 tenerem,
1130 1113 1317 1154 vestrae
1344 1104 1509 1168 potius
1541 1105 1806 1154 obsecutus
1829 1121 1940 1155 sum

283 1186 536 1246 voluntati,
565 1202 713 1249 quam
741 1194 825 1235 aut
850 1185 1197 1235 consuetudini
1220 1194 1305 1234 aut
1328 1194 1530 1234 naturae
1554 1201 1707 1245 meae,
1727 1184 1941 1248 petimus

283 1267 348 1315 ab
380 1265 614 1326 Antonio,
641 1275 695 1315 ut
727 1283 798 1326 ea,
826 1283 954 1330 quae
991 1265 1210 1315 continet
1245 1282 1408 1330 neque
1442 1266 1608 1315 adhuc
1641 1263 1856 1329 protulit,
1882 1280 1942 1313 ex

284 1346 464 1410 quibus
502 1363 658 1395 unum
699 1346 920 1395 libellum
963 1345 1056 1395 sibi
1097 1345 1336 1397 excidisse
1372 1345 1470 1395 iam
1512 1347 1703 1395 dudum
1738 1353 1941 1410 questus

284 1435 370 1486 est,
398 1426 606 1490 explicet
630 1426 775 1477 nobis
809 1435 858 1476 et
889 1427 971 1475 illa
1007 1426 1207 1477 dicendi
1230 1426 1458 1491 mysteria
1481 1426 1764 1476 enuntiet?'
1835 1430 1848 1453 ‘
1867 1427 1941 1477 Ut

283 1506 503 1567 videtur,'
549 1507 708 1571 inquit
762 1507 1038 1570 Sulpicius3
1098 1512 1109 1534 ‘
1125 1524 1240 1557 nam
1281 1507 1503 1557 Antonio
1549 1506 1747 1557 dicente
1791 1506 1940 1556 etiam

181 1603 258 1648 207
282 1587 403 1651 quid
437 1597 489 1637 tu
520 1588 786 1652 intellegas,
814 1588 1111 1638 sentiemus.'
1183 1592 1195 1614 ‘
1211 1591 1334 1639 Peto
1358 1588 1527 1652 igitur’
1550 1588 1710 1653 inquit
1734 1589 1940 1640 Crassus

284 1674 340 1718 ‘a
386 1678 448 1730 te,
497 1669 732 1734 quoniam
779 1669 831 1719 id
878 1669 1037 1730 nobis,
1086 1669 1289 1730 Antoni,
1336 1669 1622 1720 hominibus
1667 1668 1721 1720 id
1764 1669 1939 1720 aetatis

281 1749 442 1800 oneris
482 1750 547 1799 ab
588 1752 766 1800 horum
806 1750 1198 1800 adulescentium
1240 1750 1413 1801 studiis
1448 1750 1729 1815 imponitur,
1771 1759 1827 1801 ut
1861 1767 1938 1801 ex-

280 1847 450 1894 ponas,
487 1830 607 1894 quid
643 1830 712 1880 eis
748 1832 812 1881 de
852 1832 1012 1891 rebus,
1040 1848 1162 1895 quas
1196 1848 1226 1880 a
1250 1841 1299 1881 te
1334 1831 1502 1895 quaeri
1536 1831 1688 1892 vides,
1725 1831 1937 1882 sentias.'

175 1916 244 1976 48
284 1915 295 1937 ‘
313 1913 690 1975 Deprehensum
729 1911 961 1976 equidem
997 1914 1103 1961 me'
1128 1912 1287 1976 inquit
1319 1912 1566 1963 Antonius
1593 1914 1767 1976 ‘plane
1789 1912 1938 1964 video

279 2000 428 2055 atque
467 1992 639 2053 sentio,
666 2009 767 2042 non
792 1994 952 2042 solum
978 1995 1114 2056 quod
1138 2009 1196 2042 ea
1220 1993 1529 2057 requiruntur
1550 2010 1581 2043 a
1603 2010 1698 2054 me,
1724 2010 1936 2058 quorum

281 2089 390 2122 sum
415 2072 608 2136 ignarus
645 2082 794 2137 atque
832 2073 1062 2134 insolenS,
1091 2075 1180 2124 sed
1211 2073 1339 2138 quia,
1367 2075 1504 2138 quod
1534 2073 1587 2123 in
1610 2073 1770 2124 causis
1792 2076 1938 2125 valde

279 2154 446 2215 fugere
488 2155 637 2214 soleo,
678 2170 741 2203 ne
782 2153 885 2213 tibi,
931 2156 1119 2214 Crasse,
1159 2155 1436 2215 succedam,
1478 2155 1532 2205 id
1568 2171 1650 2205 me
1688 2172 1823 2205 nunc
1856 2155 1937 2205 isti

180 2244 256 2283 208
279 2233 429 2283 vitare
466 2251 566 2283 non
606 2234 803 2295 sinunt3
842 2252 1011 2284 verum
1044 2238 1140 2285 hoc
1171 2235 1413 2299 ingrediar
1435 2237 1501 2286 ad
1524 2252 1595 2297 ea,
1622 2253 1750 2300 quae
1773 2235 1932 2298 vultis,

278 2314 526 2375 audacius,
555 2316 691 2379 quod
729 2315 861 2365 idern
901 2316 1021 2364 mihi
1054 2333 1197 2379 spero
1229 2334 1321 2366 usu
1352 2333 1460 2367 esse
1483 2318 1743 2367 venturum
1766 2316 1819 2366 in
1840 2318 1936 2367 hac

279 2395 624 2458 disputatione,
663 2398 800 2460 quod
841 2396 892 2445 in
933 2396 1149 2447 dicendo
1190 2399 1328 2458 solet,
1367 2407 1421 2447 ut
1455 2399 1591 2448 nulla
1630 2407 1937 2462 exspectetur

279 2485 450 2529 ornata
490 2477 677 2527 oratio:
731 2494 894 2542 neque
935 2478 1067 2528 enirn
1106 2495 1216 2528 sum
1256 2480 1320 2528 de
1364 2487 1468 2528 arte
1513 2478 1746 2539 dicturus,
1784 2495 1935 2544 quam

279 2574 551 2621 numquam
589 2558 755 2619 didici,
783 2560 871 2608 sed
910 2560 973 2609 de
1012 2575 1122 2608 mea
1161 2559 1520 2610 consuetudine
1535 2576 1551 2621 3
1597 2559 1802 2624 ipsaque
1835 2559 1932 2620 illa,

1962 638 1988 680 5

1965 1040 2014 1070 10

1966 1443 2013 1488 ¹5

1961 1851 2013 1881 20

1958 2259 2007 2300 25

280 2654 407 2701 quae
443 2638 493 2687 in
530 2639 939 2689 commentarium
976 2657 1142 2690 meum
1178 2640 1353 2701 rettuli,
1380 2650 1494 2690 sunt
1525 2640 1630 2690 eius
1654 2640 1806 2701 modi,
1831 2657 1935 2690 non
1956 2657 2009 2697 30

278 2718 442 2782 aliqua
480 2720 601 2769 mihi
639 2720 863 2770 doctrina
899 2721 1088 2781 tradita,
1129 2723 1217 2772 sed
1254 2721 1306 2770 in
1342 2739 1502 2771 rerum
1543 2739 1636 2772 usu
1675 2720 1935 2786 causisque

279 2808 512 2860 tractata3
561 2818 687 2864 quae
724 2801 765 2850 si
801 2801 955 2861 vobis,
982 2801 1266 2851 hominibus
1301 2802 1653 2862 eruditissimis,
1691 2818 1793 2852 non
1827 2817 1935 2866 pro-

280 2880 540 2939 babuntur,
584 2890 793 2930 vestram
831 2881 1139 2946 iniquitatem
1178 2891 1475 2942 accusatote,
1518 2881 1604 2946 qui
1644 2899 1703 2931 ex
1748 2898 1830 2932 me
1874 2898 1934 2932 ea

364 3015 411 3053 17
443 3001 680 3054 intellegas,
703 3004 933 3044 sentiemus
952 3003 1063 3044 codd.
1083 3018 1092 3045 :
1124 3005 1296 3054 sentias,
1318 3005 1616 3056 intellegemus
1634 3004 1853 3046 Manutius
