2112 3444
817 88 914 137 DE
950 89 1290 138 ORATORE
1363 92 1386 139 1
1955 106 1991 158 4
2018 105 2067 158 ις

227 220 234 228 ’
263 234 527 293 praecepta
550 236 799 291 superaret
816 245 831 289 3
865 237 1002 277 erant
1026 237 1193 278 autem
1218 227 1334 278 huic
1359 229 1525 280 studio
1550 231 1775 292 maxima,
1803 247 1932 296 quae

262 324 399 360 nunc
421 324 624 372 quoque
657 318 785 369 sunt,
813 309 1035 373 exposita
1065 309 1283 373 praemia
1314 312 1391 360 vel
1423 312 1488 360 ad
1520 311 1724 374 gratiam
1757 315 1833 362 vel
1866 315 1931 363 ad

261 404 384 453 opes
430 390 507 439 vel
553 390 620 440 ad
666 389 957 454 dignitatern
974 407 989 452 3
1045 390 1244 455 ingenia
1288 408 1418 451 vero,
1468 400 1523 441 ut
1570 392 1736 442 multis
1783 394 1930 444 rebus

261 485 527 534 possumus
573 470 805 532 iudicare,
855 480 1135 522 nostrorum
1183 472 1444 522 hominum
1492 474 1703 523 multum
1756 475 1929 524 ceteris

213 563 239 606 5
257 549 547 602 hominibus
562 552 788 603 omnium
806 552 1027 617 gentium
1046 554 1403 618 praestiterunt.
1458 554 1654 617 Quibus
1680 556 1743 604 de
1769 555 1928 605 causis
1956 565 2004 605 16

31 675 79 704 3
256 632 370 697 quis
394 649 498 684 non
521 633 626 684 iure
650 633 851 684 miretur
875 651 935 684 ex
953 634 1090 684 omni
1115 634 1354 685 memoria
1376 643 1609 695 aetatum,
1631 644 1926 699 temporum,

257 714 513 766 civitatum
535 724 638 765 tam
662 714 892 779 exiguum
917 725 1166 766 oratorum
1191 732 1453 766 numerum
1478 713 1721 766 inveniri?

15 731 69 839 ξ
325 796 426 848 Sed
449 796 583 847 enim
612 796 771 846 maius
796 806 870 846 est
903 798 1000 847 hoc
1030 796 1271 861 quiddam
1296 813 1446 861 quam
1471 796 1700 847 homines
1726 796 1929 861 opinan-

22 919 29 937 .,
257 886 349 940 tur,
369 886 421 929 et
441 877 664 943 pluribus
689 895 748 928 ex
765 877 951 928 artibus
976 877 1250 942 studiisque
1275 879 1572 927 conlectum.
1637 877 1775 941 Quid
1793 878 1926 928 enim
1949 883 1980 933 5

19 939 70 1013 ἓ
184 975 237 1009 ιο
257 959 368 1026 quis
391 958 528 1010 aliud
551 959 602 1009 in
628 958 842 1009 maxima
872 958 1172 1009 discentium
1197 951 1530 1020 multitudine,
1545 953 1752 1009 'summa
1780 960 1928 1024 magi-

22 1031 51 1052 ⁵⁴
255 1050 469 1092 strorum
510 1040 669 1105 copia,
708 1041 1138 1105 praestantissimis
1174 1040 1436 1091 hominum
1473 1031 1696 1105 ingeniis,
1734 1041 1926 1091 infinita

255 1139 516 1173 causarum
538 1120 788 1183 varietate,
812 1121 1128 1186 amplissimis
1161 1122 1474 1187 eloquentiae
1498 1118 1763 1187 propositis
1791 1140 1926 1186 prae-

251 1202 367 1254 miis
419 1220 528 1254 esse
582 1219 761 1253 causae
811 1212 966 1268 putet,
1016 1203 1111 1253 nisi
1159 1203 1229 1254 rei
1276 1204 1530 1267 quandam
1582 1203 1923 1254 incredibilem

253 1283 647 1349 magnitudinem
701 1301 761 1334 ac
812 1284 1189 1335 difficultatem?
1282 1288 1371 1335 Est
1426 1285 1560 1336 enim
1616 1293 1664 1335 et
1719 1285 1923 1335 scientia
1950 1301 1998 1344 17
2018 1285 2112 1347 ,ass

182 1383 231 1427 15
253 1367 727 1456 comprehendenda
772 1383 933 1416 rerum
980 1367 1315 1431 plurimarum,
1360 1367 1466 1416 sine
1513 1383 1613 1430 qua
1659 1367 1921 1418 verborum
2068 1379 2071 1381 ’

250 1446 534 1498 volubilitas
569 1446 730 1497 inanis
765 1457 914 1511 atque
950 1447 1212 1513 inridenda
1249 1457 1336 1509 est,
1376 1457 1425 1498 et
1466 1447 1574 1512 ipsa
1614 1448 1785 1519 oratio
1809 1465 1922 1499 con-

252 1528 523 1610 formanda
559 1544 664 1579 non
710 1530 871 1578 solum
919 1516 1176 1590 electione,
1220 1531 1309 1580 sed
1357 1529 1506 1579 etiam
1554 1519 1923 1580 constructione

251 1584 531 1671 v‘erborum,
583 1618 633 1660 et
684 1627 859 1661 omnes
910 1610 1191 1684 animorum
1246 1620 1425 1684 motuS,
1479 1628 1605 1679 quos
1660 1610 1922 1671 hominum

6 1714 47 1805 Ξ
249 1690 419 1755 generi
472 1708 634 1742 rerum
686 1701 860 1741 natura
905 1691 1087 1753 tribuit,
1137 1680 1334 1756 penitus
1385 1674 1733 1756 pernoscendi,
1783 1694 1922 1756 quod

178 1786 230 1820 πο
250 1771 415 1839 omnis
439 1772 511 1822 vis
537 1772 761 1837 ratioque
786 1773 1023 1823 dicendi
1010 1790 1062 1822 1n
1086 1790 1274 1834 eorum,
1301 1772 1387 1837 qui
1418 1773 1641 1834 audiunt,
1669 1773 1920 1824 mentibus

0 1856 38 1904 ssvf‘
245 1861 335 1904 aut
358 1853 592 1904 sedandis
616 1863 703 1905 aut
725 1854 996 1905 excitandis
1016 1856 1353 1918 expromenda
1376 1864 1450 1905 est
1467 1873 1481 1917 3
1515 1856 1721 1905 accedat
1739 1856 1919 1905 eodem

247 1943 445 1999 oportet
484 1937 624 2000 lepos
665 1935 870 2000 quidam
905 1936 1210 2000 facetiaeque
1246 1945 1295 1986 et
1331 1936 1543 1987 eruditio
1578 1937 1734 1987 libero
1770 1936 1921 2000 digna

247 2016 570 2082 celeritasque
595 2027 644 2068 et
673 2018 883 2068 brevitas
919 2027 967 2068 et
995 2018 1332 2082 respondendi
1365 2027 1413 2068 et
1442 2018 1718 2068 lacessendi
1751 2018 1918 2068 subtili

246 2107 505 2150 venustate
549 2109 700 2164 atque
741 2100 1019 2150 urbanitate
1061 2099 1358 2161 coniuncta3
1387 2101 1628 2150 tenenda
1667 2109 1919 2163 praeterea
1944 2110 1992 2149 18

175 2198 223 2242 ²5
245 2189 323 2230 'est
359 2180 522 2232 omnis
557 2181 823 2246 antiquitas
860 2183 1299 2246 exemplorumque
1334 2181 1420 2243 νίς,
1459 2198 1623 2245 neque
1658 2183 1823 2245 legum
1858 2198 1917 2231 ac

245 2260 364 2312 iuris
404 2261 558 2312 civilis
600 2262 806 2313 scientia
845 2264 1153 2328 neglegenda
1193 2272 1279 2313 est.
1376 2264 1509 2313 Nam
1550 2262 1672 2326 quid
1719 2279 1811 2326 ego
1853 2263 1918 2312 de

244 2344 443 2395 actione
495 2344 604 2408 ipsa
647 2346 789 2408 plura
834 2344 997 2395 dicam
1013 2343 1056 2394 Γ
1126 2361 1254 2409 quae
1306 2352 1446 2394 motu
1502 2343 1734 2408 corporiS,
1788 2333 1916 2406 quae

245 2435 401 2490 gestu,
442 2442 570 2490 quae
609 2427 762 2487 vultu,
802 2442 930 2490 quae
971 2425 1107 2476 vocis
1149 2425 1544 2476 conformatione
1585 2442 1643 2474 ac
1683 2423 1915 2475 varietate

246 2508 554 2558 moderanda
577 2516 651 2557 est
667 2525 682 2569 3
716 2523 844 2571 quae
868 2509 974 2558 sola
992 2524 1079 2571 per
1105 2525 1156 2558 se
1182 2507 1289 2571 ipsa
1313 2516 1499 2571 quanta
1522 2506 1596 2567 sit,
1619 2506 1913 2556 histrionum

173 2603 225 2644 30
244 2589 366 2639 levis
407 2606 484 2639 ars
525 2598 574 2639 et
612 2606 791 2657 scaena
828 2590 1075 2650 declarat3
1127 2589 1178 2638 in
1221 2605 1320 2652 qua
1357 2606 1472 2638 cum
1514 2605 1689 2639 omnes
1727 2588 1778 2638 in
1816 2587 1914 2638 oris

244 2678 294 2719 et
317 2670 454 2720 vocis
483 2679 531 2720 et
563 2679 728 2720 motus
758 2670 1098 2720 moderatione
1131 2670 1369 2731 laborent,
1397 2670 1507 2734 quis
1540 2670 1730 2734 ignorat
1762 2687 1913 2734 quam

0 2746 37 2810 f*
243 2751 391 2815 pauci
414 2751 511 2802 sint
535 2751 828 2815 fuerintque,
857 2768 982 2815 quos
1007 2751 1176 2801 animo
1200 2768 1363 2815 aequo
1388 2761 1609 2816 spectare
1628 2750 1914 2815 possimus?

245 2831 384 2895 Quid
407 2832 571 2884 dicam
605 2834 668 2883 de
698 2835 928 2883 thesauro
961 2850 1122 2883 rerum
1155 2833 1395 2894 omnium,
1424 2833 1698 2884 memoria?
1769 2834 1912 2896 Quae

297 2953 352 2994 M
359 2974 392 2988 =
406 2953 496 2994 HE
655 2956 682 2994 8
710 2955 822 2995 enim
843 2954 918 2995 M:
949 2955 1144 2995 nimirum
1164 2955 1201 2994 L
1436 2967 1483 2994 12
1513 2939 1734 2995 causarum
1761 2967 1843 2995 om.
1864 2955 1911 2993 M

242 3021 292 3061 31
323 3009 492 3061 ignorat
511 3009 548 3049 L
571 3022 582 3048 ι
612 3009 778 3060 ignoret
798 3009 851 3048 M
