2150 3444
755 142 851 190 DE
886 141 1226 190 ORATORE
1298 141 1352 189 11
1910 140 1982 203 89
1997 147 2082 200 3⁶4

226 293 330 328 rem
358 293 424 327 ne
458 278 634 329 frustra
668 275 720 328 hi
755 279 876 328 tales
911 276 999 328 viri
1027 276 1264 337 venerint,
1295 285 1345 327 te
1374 276 1660 340 aliquand0‚
1692 279 1884 337 Crasse,

223 356 516 409 audiamus²

290 441 424 489 Tum
448 438 531 489 ille
557 444 640 490 ‘ut
662 439 731 490 ita
753 440 847 490 ista
870 457 978 490 esse
1002 441 1308 499 concedam,'
1326 439 1487 503 inquit
1507 440 1737 500 ‘Antoni‚
1759 457 1887 504 quae
1914 422 1990 524 96⁰

223 529 339 571 sunt
361 522 506 570 valde
530 536 687 581 secuS‚
713 520 836 585 quid
861 519 983 571 mihi
1005 518 1104 587 [tu]
1132 522 1334 570 tandem
1359 520 1511 570 hodie
1534 531 1620 571 aut
1654 521 1887 585 cuiquam
1914 496 1938 535 ³
1968 494 1997 535 ⁵⁵

173 599 414 662 shomini
465 602 605 665 quod
650 600 751 652 dici
797 600 954 666 possit
1000 600 1277 664 reliquisti?
1335 600 1516 650 Dicam
1571 602 1704 651 enim
1756 619 1883 662 vere,

219 681 507 733 amicissimi
522 682 764 744 homineS,
786 684 924 746 quod
943 682 1103 732 sentio
1123 699 1133 732 :
1169 699 1317 747 saepe
1333 700 1425 747 ego
1445 684 1621 733 doctos
1640 682 1882 743 homineS,

220 763 344 828 quid
367 763 483 815 dico
518 766 703 828 saepe?
760 762 915 813 immo
951 780 1055 813 non
1090 781 1366 828 numquam
1383 782 1400 826 3
1454 781 1602 828 saepe
1631 764 1764 814 enim
1799 764 1886 829 qui

218 845 374 910 potui,
423 844 510 910 qui
555 862 678 911 puer
724 844 775 894 in
814 847 976 896 sorum
1014 846 1234 896 venerim
1275 864 1440 911 neque
1481 847 1599 898 inde
1646 865 1885 912 umquam

219 925 404 977 diutius
428 945 580 993 quam
605 938 837 994 quaestor
865 929 1072 980 afuerim
1093 933 1114 980 ?
1172 932 1272 981 Sed
1302 940 1469 980 tamen
1494 930 1673 991 audivi,
1702 941 1756 982 ut
1780 930 1885 980 heri

145 1025 199 1057 ro
218 1006 464 1070 dicebam,
503 1018 554 1060 et
592 1010 802 1060 Athenis
841 1027 955 1060 cum
998 1028 1171 1071 essem,
1211 1010 1527 1062 doctissimos
1568 1012 1696 1062 viros
1743 1021 1792 1062 et
1832 1011 1884 1061 in

218 1089 338 1140 Asia
360 1089 511 1141 istum
542 1090 706 1155 ipsum
735 1091 993 1156 Scepsium
1032 1093 1393 1152 Metrodorum,
1420 1109 1536 1141 cum
1568 1093 1632 1143 de
1663 1091 1740 1141 his
1764 1091 1884 1155 ipsis

216 1172 364 1223 rebus
410 1172 716 1237 disputaret,
776 1190 940 1237 neque
987 1189 1103 1222 vero
1150 1172 1273 1222 mihi
1321 1161 1584 1237 quisquam
1632 1172 1882 1236 copiosius

216 1269 455 1318 umquam
495 1253 627 1304 visus
664 1262 739 1304 est
775 1270 940 1319 neque
978 1253 1206 1304 subtilius
1246 1252 1298 1303 in
1333 1255 1432 1304 hoc
1466 1270 1645 1318 genere
1679 1252 1882 1305 dicendi

215 1351 366 1399 quam
412 1333 504 1386 iste
552 1334 702 1385 hodie
749 1351 858 1385 esse
906 1344 1159 1387 versatus:
1217 1336 1354 1400 quod
1401 1335 1442 1385 si
1489 1344 1618 1386 esset
1654 1335 1794 1386 aliter
1831 1344 1882 1387 et

142 1432 192 1475 15
213 1415 402 1480 aliquid
426 1415 760 1480 intellegerem
796 1416 862 1466 ab
894 1415 1118 1466 Antonio
1147 1416 1562 1481 praetermissum,
1590 1433 1693 1467 non
1718 1434 1879 1467 essem

213 1505 316 1548 tam
340 1495 610 1547 inurbanus
635 1506 684 1547 et
708 1514 868 1563 paene
893 1496 1208 1558 inhumanuS,
1236 1506 1291 1547 ut
1314 1497 1366 1548 in
1391 1514 1453 1548 eo
1475 1515 1711 1563 gravarer,
1739 1499 1878 1562 quod

212 1594 301 1628 vos
347 1594 528 1643 cupere
575 1578 838 1628 sentirem.’
908 1579 1042 1628 Tum
1088 1578 1335 1643 Sulpicius
1386 1581 1476 1629 ‘an
1524 1596 1640 1643 ergo
1658 1581 1669 1603 '
1716 1578 1877 1644 inquit
1901 1586 1983 1638 366

217 1659 425 1710 ‘oblitus
457 1677 524 1721 eS,
560 1661 750 1721 Crasse,
789 1660 1067 1711 Antonium
1102 1661 1170 1709 ita
1204 1660 1438 1724 partitum
1470 1678 1578 1711 esse
1610 1670 1790 1722 tecum,
1822 1670 1880 1711 ut

212 1739 319 1805 ipse
341 1739 723 1791 instrumentum
743 1741 948 1792 oratoris
967 1751 1247 1805 exponeret,
1270 1741 1360 1791 tibi
1384 1742 1489 1791 eius
1505 1741 1878 1793 distinctionem

137 1839 192 1871 σο
210 1831 362 1888 atque
384 1832 613 1874 ornatum
637 1823 934 1887 relinqueret
948 1824 996 1872 ?’
1033 1823 1136 1872 Hic
1160 1823 1242 1873 ille
1261 1827 1273 1850 ‘
1286 1823 1502 1887 primum
1527 1823 1636 1889 quis
1652 1824 1878 1875 Antonio

209 1903 461 1969 permisit‚'
497 1903 658 1968 inquit
698 1906 779 1953 ‘ut
817 1913 865 1954 et
897 1904 1047 1969 partis
1077 1907 1260 1955 faceret
1288 1914 1338 1954 et
1369 1915 1530 1954 utram
1562 1908 1709 1956 vellet
1745 1907 1879 1970 prior

206 1982 315 2049 ipse
354 1987 605 2036 sumeret?
664 1984 876 2046 Deinde,
921 2002 1013 2049 ego
1055 1985 1092 2034 si
1136 1995 1269 2036 recte
1305 1985 1536 2048 intellexi,
1578 2003 1693 2036 cum
1731 1988 1876 2037 valde

205 2064 416 2118 libenter
451 2067 688 2129 audirem,
733 2067 855 2118 mihi
897 2067 1163 2117 coniuncte
1199 2076 1274 2118 est
1310 2067 1444 2118 visus
1479 2070 1544 2118 de
1580 2077 1787 2132 utraque
1822 2086 1875 2118 re

205 2145 402 2201 dicere!
475 2149 598 2200 ‘Ille
623 2150 766 2200 vero'
790 2147 951 2214 inquit
977 2149 1127 2200 Cotta
1154 2151 1166 2175 ‘
1184 2157 1477 2199 ornamenta
1507 2149 1742 2200 orationis
1768 2166 1872 2200 non

131 2247 184 2291 25
204 2228 365 2294 attigit
392 2246 557 2296 neque
587 2247 697 2280 eam
733 2232 947 2291 laudern,
976 2247 1035 2280 ex
1070 2246 1170 2294 qua
1188 2229 1473 2294 eloquentia
1504 2247 1691 2280 nomen
1724 2246 1871 2281 suum

205 2309 423 2363 invenit.'
496 2315 508 2339 ‘
526 2313 693 2363 Verba
751 2312 895 2376 igitur
913 2315 924 2336 '
984 2312 1145 2377 inquit
1205 2314 1411 2364 Crassus
1469 2311 1621 2362 ‘mihi
1673 2312 1871 2376 reliquit

203 2393 468 2456 AntoniuS,
495 2411 599 2444 rem
631 2394 738 2459 ipse
771 2394 1010 2459 sumpsit!
1079 2397 1213 2445 Tum
1247 2396 1430 2445 Caesar
1469 2394 1549 2455 ‘si,
1577 2395 1716 2458 quod
1747 2394 1870 2445 diffi-
1893 2403 1974 2458 ³67

202 2472 342 2525 cilius
376 2483 462 2536 est,
501 2475 554 2525 id
589 2474 679 2525 tibi
714 2475 923 2541 reliquit,
962 2485 1036 2526 est
1071 2475 1247 2525 nobis'
1283 2475 1444 2540 inquit
1483 2478 1672 2536 ‘causa,
1702 2492 1788 2525 cur
1820 2484 1870 2527 te

200 2554 372 2607 audire
396 2555 653 2621 cupiamus
670 2575 684 2619 3
731 2556 824 2619 sin,
849 2558 986 2621 quod
1011 2556 1214 2618 faciliuS‚
1243 2556 1333 2606 tibi
1366 2573 1514 2606 causa
1539 2573 1642 2607 non
1667 2565 1753 2618 est,
1781 2573 1870 2608 cur

256 2683 311 2725 M
326 2705 361 2720 =
382 2684 521 2726 AEH
673 2699 699 2736 3
728 2687 811 2727 ista
830 2699 912 2727 om.
939 2686 993 2725 M
1126 2700 1151 2736 4
1180 2686 1307 2737 longe
1326 2685 1364 2725 L
1386 2688 1495 2738 vulg.
1641 2693 1686 2727 tu
1706 2700 1790 2727 om.
1818 2686 1875 2727 M

199 2740 228 2779 6
258 2752 338 2790 ego
359 2753 441 2781 om.
467 2739 522 2779 M
667 2743 693 2780 8
721 2742 793 2791 qui
814 2754 920 2792 puer
938 2741 1000 2782 L:
1030 2742 1190 2792 quique
1211 2741 1265 2780 M
1411 2743 1461 2780 16
1490 2747 1535 2781 ut
1560 2741 1603 2781 in
1631 2740 1708 2782 M:
1747 2743 1807 2782 uti
1826 2742 1864 2781 L

200 2794 312 2847 vulg.
483 2808 539 2834 20
567 2802 819 2836 exornatum
851 2795 904 2835 M
1064 2809 1113 2837 21
1147 2802 1193 2835 ut
1222 2801 1265 2835 et
1293 2795 1404 2848 vulg.
1427 2810 1436 2835 z
1480 2796 1566 2836 mei
1595 2795 1669 2835 M:
1718 2802 1792 2839 et.
1817 2829 1827 2838 .
1848 2827 1860 2838 .

198 2854 388 2889 sumeret
407 2861 493 2888 om.
514 2847 570 2888 M
675 2863 728 2899 23
760 2850 984 2900 diligenter
1003 2850 1211 2890 Ruhnken
1322 2863 1373 2901 24
1403 2851 1557 2891 dicere.
1611 2851 1688 2892 Ille
1708 2865 1790 2892 om.
1816 2850 1870 2891 M

198 2914 254 2996 ᾗ
281 2915 404 2942 suum
424 2901 479 2995 lg!
489 2902 724 2997 :Odipsumlb
746 2918 755 2943 :
784 2905 877 2956 ipsa
895 2916 1016 2944 suum
1036 2903 1193 2946 Schatz
1388 2918 1439 2956 27
1470 2905 1543 2944 ille
1562 2903 1615 2944 H
1761 2906 1866 2958 quid

409 2970 434 2996 2
491 2970 504 2996 1
552 2970 637 2999 om.

249 3034 332 3067 cxc.
351 3035 408 3066 mr
428 3035 560 3066 ona-r.
1701 3028 1752 3068 12
