2150 3444
745 133 840 181 DE
877 130 1217 181 ORATORE
1292 134 1316 182 1
1891 149 1959 198 42
1982 146 2056 200 187

203 272 502 336 meminisse,
528 289 686 339 agere,
716 271 928 338 †ignota
952 272 1207 337 quondam
1241 273 1473 324 omnibus
1499 283 1546 325 et
1571 276 1749 326 diffusa
1773 279 1869 328 late

202 353 508 407 videbantur.
580 354 824 408 Adhibita
847 363 921 406 est
945 353 1090 419 igitur
1112 371 1188 405 ars
1213 356 1459 419 quaedam
1484 356 1783 406 extrinsecus
1810 375 1869 407 ex
1900 368 1974 407 188

199 435 301 489 alio
318 452 502 504 genere
536 439 771 501 quodam,
797 437 936 501 quod
968 435 1063 486 sibi
1091 444 1250 486 totum
1276 435 1559 500 philosophi
1583 439 1865 499 adsumunt,

200 534 331 584 quae
364 534 469 568 rem
504 517 796 569 dissolutam
831 517 1175 581 divulsamque
1211 517 1567 581 conglutinaret
1603 528 1651 568 et
1682 519 1871 570 ratione

153 616 182 665 5
202 599 421 666 quadam
462 598 828 662 constringeret.
901 598 974 648 Sit
1014 614 1131 662 ergo
1176 597 1228 648 in
1274 598 1378 648 iure
1426 599 1554 648 civili
1601 599 1712 650 finis
1758 600 1869 651 hic:

202 679 451 745 legitimae
484 689 636 746 atque
666 680 875 731 usitatae
905 679 957 729 in
981 680 1128 731 rebus
1153 679 1413 745 causisque
1438 680 1619 731 civium
1642 681 1872 747 aequabi-

203 760 353 826 litatis
383 761 704 814 conservatio,
777 763 910 811 Turn
935 770 1051 811 sunt
1074 763 1296 813 notanda
1318 779 1498 826 genera
1521 772 1570 816 et
1593 763 1658 812 ad
1683 772 1871 813 certum
1899 773 1975 826 189

200 859 467 902 numerum
504 842 904 909 paucitatemque
941 844 1231 893 revocanda.
1306 845 1477 894 Genus
1514 853 1681 894 autem
1704 844 1757 895 id
1781 854 1868 905 est,

204 925 344 991 quod
380 923 457 975 sui
493 923 665 975 similis
704 924 1060 975 communione
1092 926 1322 989 quadarn,
1350 925 1514 989 specie
1545 935 1712 975 autern
1737 925 1872 975 diffe-

131 1023 183 1056 ro
203 1004 369 1068 tentis,
411 1007 536 1057 duas
572 1014 657 1055 aut
695 1005 846 1070 pluris
885 1005 1229 1070 complectitur
1266 1006 1446 1070 partis;
1496 1016 1658 1070 partes
1703 1016 1870 1056 autern

204 1095 333 1150 sunt,
372 1103 502 1153 quae
540 1086 802 1151 generibus
840 1087 924 1148 eiS,
959 1105 1019 1137 ex
1056 1087 1237 1151 quibus
1275 1097 1491 1147 manant,
1533 1087 1842 1137 subiciuntur
1858 1104 1872 1148 ;

203 1166 486 1232 omniaque,
529 1184 659 1233 quae
703 1176 819 1220 sunt
864 1170 941 1218 vel
987 1185 1222 1232 generum
1269 1170 1345 1218 vel
1393 1168 1603 1232 partium
1651 1167 1868 1229 nomina,

203 1247 591 1312 definitionibuS,
631 1265 782 1313 quam
817 1249 920 1301 vim
958 1249 1187 1311 habeant,
1228 1257 1302 1298 est
1339 1248 1746 1312 exprimendum3
1798 1257 1871 1298 est

205 1327 339 1391 enim
374 1328 602 1380 definitio
639 1346 801 1380 rerum
843 1347 1026 1390 earum,
1065 1347 1192 1394 quae
1231 1338 1344 1379 sunt
1380 1330 1485 1380 eius
1523 1330 1592 1379 rei
1630 1329 1869 1394 propriae,

136 1429 182 1472 ¹5
205 1425 356 1477 quam
397 1410 602 1461 definire
638 1412 881 1471 volumUS,
931 1410 1091 1461 brevis
1131 1419 1180 1460 et
1218 1410 1585 1474 circumscripta
1625 1411 1872 1475 quaedam

206 1490 479 1556 explicatio.
575 1490 733 1542 Hisce
780 1508 873 1555 ego
920 1492 1066 1541 rebus
1114 1493 1338 1555 exempla
1383 1491 1718 1555 adiungerem‚
1776 1489 1871 1541 nisi
1899 1504 1977 1547 190

204 1572 341 1636 apud
381 1587 507 1637 quos
547 1572 671 1623 haec
711 1572 972 1622 haberetur
1018 1571 1174 1622 oratio
1222 1588 1503 1633 cernerem;
1560 1588 1695 1621 nunc
1741 1588 1873 1621 com-

206 1654 405 1719 plectar,
446 1654 584 1719 quod
630 1654 879 1718 proposui,
930 1653 1094 1704 brevi:
1145 1653 1185 1703 si
1232 1653 1365 1703 enim
1411 1662 1496 1703 aut
1543 1653 1665 1702 mihi
1712 1654 1873 1703 facere

206 1731 411 1794 licuerit,
451 1734 589 1798 quod
626 1733 723 1785 iam
764 1734 852 1784 diu
891 1734 1067 1798 cogit0,
1106 1742 1191 1784 aut
1227 1733 1351 1784 alius
1390 1733 1634 1798 quispiam
1671 1742 1757 1786 aut
1792 1749 1874 1786 me

133 1835 186 1870 20
207 1811 450 1878 impedito
471 1813 740 1878 *occuparit
777 1823 862 1866 aut
901 1824 1096 1869 mortuo
1135 1814 1361 1874 effecerit,
1388 1823 1443 1863 ut
1475 1813 1689 1878 primum
1722 1829 1873 1863 omne

206 1893 282 1954 ius
323 1893 466 1945 civile
505 1893 557 1944 in
594 1911 775 1958 genera
820 1894 1021 1959 digerat,
1065 1911 1193 1959 quae
1230 1910 1476 1959 perpauca
1517 1903 1645 1956 sunt,
1689 1893 1873 1945 deinde

204 1990 376 2027 eorum
416 1991 653 2039 generum
699 1976 843 2040 quasi
889 1977 1136 2041 quaedam
1184 1976 1407 2026 membra
1452 1975 1721 2041 dispertiat,
1765 1984 1872 2026 tum

203 2056 452 2120 propriam
502 2057 744 2123 cuiusque
804 2058 904 2109 vim
967 2057 1257 2109 definitione
1317 2059 1547 2119 declaret,
1603 2059 1871 2122 perfectam

203 2146 359 2188 artem
396 2138 513 2190 iuris
551 2139 705 2190 civilis
742 2139 1003 2202 habebitis,
1041 2139 1195 2204 magis
1228 2149 1458 2204 magnam
1489 2147 1639 2203 atque
1668 2139 1872 2189 uberem

131 2235 182 2279 25
205 2234 356 2283 quam
396 2218 647 2271 difficilem
685 2229 735 2270 et
771 2221 1047 2271 obscuram.
1121 2223 1288 2286 Atque
1322 2220 1508 2270 interea
1543 2230 1724 2281 tamen,
1751 2221 1872 2270 dum
1899 2240 1974 2286 191

204 2299 342 2362 haee,
379 2317 508 2365 quae
553 2300 775 2366 dispersa
814 2311 943 2363 sunt,
984 2310 1240 2366 coguntur,
1284 2303 1361 2352 vel
1402 2300 1585 2365 passim
1623 2300 1738 2350 licet
1775 2317 1874 2351 car-

202 2389 406 2447 pentem
442 2391 493 2435 et
529 2382 862 2448 conligentem
900 2383 1124 2448 undique
1165 2382 1339 2447 repleri
1386 2382 1514 2433 iusta
1554 2381 1670 2432 iuris
1718 2381 1872 2431 civilis

203 2461 421 2530 scientia.
507 2464 694 2517 Nonne
739 2463 916 2518 videtis
975 2464 1193 2529 equitem
1254 2466 1555 2524 Romanum,
1616 2462 1872 2513 hominem
1893 2473 1962 2527 43

202 2542 492 2595 acutissimo
543 2545 769 2597 omnium
816 2545 1029 2610 ingenio,
1080 2547 1169 2596 sed
1215 2545 1421 2596 minime
1468 2543 1640 2595 ceteris
1686 2543 1873 2595 artibus

128 2644 184 2685 30
204 2625 468 2688 eruditum,
495 2628 551 2678 C.
580 2630 904 2689 Aculeonem,
932 2627 1018 2693 qui
1050 2645 1247 2678 mecum
1272 2628 1390 2680 vivit
1422 2643 1716 2692 semperque
1738 2625 1882 2687 vixit,

204 2706 273 2757 ita
295 2716 464 2758 tenere
486 2707 563 2758 ius
587 2708 743 2769 civile,
765 2718 819 2760 ut
844 2708 903 2770 ei,
932 2725 1045 2767 curn
1070 2710 1135 2759 ab
1159 2710 1257 2759 hoc
1282 2709 1616 2770 discesseritis,
1635 2724 1785 2758 nemo
1809 2708 1874 2758 de

258 2835 316 2876 M
334 2855 370 2871 ==
389 2836 443 2878 H
568 2850 587 2878 1
608 2838 756 2888 ignota
775 2836 885 2879 codd.
907 2837 984 2879 alii
999 2837 1082 2879 alia
1102 2842 1403 2891 temptaverunt
1495 2837 1708 2890 quondam
1729 2837 1837 2879 codd.
1860 2852 1870 2878 ε

205 2891 390 2945 quodam
410 2891 538 2933 modo
555 2890 813 2933 Hamecker:
842 2891 1107 2943 quodamH¹
1293 2906 1320 2934 2
1350 2906 1404 2934 ex
1423 2906 1506 2935 om.
1530 2892 1585 2932 M
1722 2906 1772 2943 19
1801 2894 1872 2933 diu

205 2959 290 2988 om.
313 2945 369 2986 M
498 2958 550 2988 21
581 2959 788 2996 generum
819 2947 958 2989 codd:
989 2959 1150 2997 genere
1188 2946 1259 2989 H:
1290 2961 1370 2988 om.
1403 2948 1439 2987 L
1583 2949 1637 2986 26
1667 2952 1873 2997 cogantur

207 2999 375 3039 Ernesti
481 3014 532 3054 27
564 3001 673 3042 iusta
690 3015 776 3042 rece,
795 3016 804 3044 τ
836 3001 958 3042 istam
978 3001 1031 3042 H
1046 3016 1056 3042 ε
1087 3002 1167 3042 ista
1183 3015 1228 3044 m
