2150 3444
127 143 163 190 6
188 160 239 201 24
720 140 790 188 M.
829 140 1040 188 TVLLI
1077 139 1459 190 CICERONIS

260 276 483 327 oratione
522 293 634 326 mea
679 278 789 340 plus
836 293 986 340 quam
1032 275 1153 324 mihi
1194 276 1461 340 imponitur
1476 295 1492 339 3
1541 286 1731 329 tantum
1772 280 1916 345 signi-

262 357 424 406 ficabo
459 357 594 406 brevi
629 373 791 420 neque
826 357 1086 406 verborum
1122 365 1348 405 ornatum
1382 357 1589 407 inveniri
1628 376 1774 424 posse
1812 377 1916 411 non

264 436 413 500 partis
439 436 774 500 expressisque
811 436 1080 497 sententiiS,
1105 452 1267 500 neque
1300 449 1407 486 esse
1435 439 1586 487 ullam
1621 440 1916 490 sententiam

192 538 241 579 25
259 517 518 567 >inlustrem
551 516 656 566 sine
685 518 795 566 luce
826 517 1100 566 verborum.
1174 518 1272 566 Sed
1303 516 1436 580 prius
1467 534 1616 581 quam
1651 519 1734 569 illa
1764 537 1918 571 conor

263 598 515 662 attingere,
540 598 720 662 quibus
745 598 1018 648 orationem
1050 599 1211 647 ornari
1241 608 1390 663 atque
1418 599 1697 651 inluminari
1730 611 1916 666 putem,
1941 615 1966 656 5

264 695 537 742 proponam
556 679 766 727 breviter
789 678 911 742 quid
935 678 1144 727 sentiam
1168 681 1232 728 de
1256 679 1483 729 universo
1501 697 1678 744 genere
1702 681 1915 732 dicendi.

210 762 241 811 7
332 761 519 808 Natura
542 760 677 808 nulla
700 767 790 819 est,
814 767 869 808 ut
893 758 1014 807 mihi
1039 758 1247 820 videtur,
1271 776 1398 823 quae
1422 778 1524 810 non
1548 762 1728 812 habeat
1751 762 1802 811 in
1827 778 1918 812 suo

263 858 441 906 genere
472 858 547 890 res
580 840 844 904 compluris
883 840 1132 890 dissimilis
1169 841 1294 890 inter
1331 859 1397 901 se,
1433 858 1561 905 quae
1601 851 1767 892 tamen
1804 859 1919 892 eon-

265 921 411 971 simili
446 923 592 971 laude
627 921 890 985 dignentur
905 940 920 983 ;
955 938 1071 971 nam
1108 929 1156 970 et
1190 922 1390 972 auribus
1422 925 1576 972 multa
1603 923 1916 988 percipimus,

265 1019 393 1066 quae
447 1001 538 1051 etsi
588 1018 680 1051 nos
731 1001 936 1051 vocibus
983 1003 1247 1063 delectant,
1293 1011 1459 1051 tamen
1508 1003 1576 1052 ita
1631 1012 1745 1055 sunt
1789 1003 1920 1053 varia
1945 1024 1995 1054 10

266 1098 429 1145 saepe,
466 1090 521 1131 ut
553 1081 621 1143 id,
659 1084 796 1145 quod
829 1081 1107 1145 proximum
1142 1082 1327 1142 audias,
1366 1082 1778 1133 iucundissimum
1812 1101 1920 1134 esse

265 1163 487 1212 videatur
503 1180 516 1223 ;
563 1171 612 1212 et
644 1162 799 1212 oculis
835 1163 1148 1226 conliguntur
1178 1179 1337 1226 paene
1371 1163 1753 1213 innumerabiles
1788 1166 1922 1214 volu-

267 1252 440 1308 ptateS‚
472 1260 600 1306 quae
636 1259 729 1292 nos
757 1243 825 1292 ita
856 1243 1070 1306 capiunt,
1099 1251 1153 1293 ut
1188 1261 1343 1292 unum
1379 1260 1579 1293 sensum
1610 1246 1662 1293 in
1697 1242 1924 1294 dissimili

269 1341 445 1388 genere
486 1325 763 1385 delectent3
812 1332 861 1373 et
899 1324 1113 1387 reliquos
1152 1341 1324 1374 sensus
1361 1327 1637 1388 voluptates
1672 1325 1924 1375 oblectant

269 1405 504 1469 dispareS,
538 1412 593 1454 ut
625 1404 686 1454 sit
721 1404 918 1454 difficile
946 1404 1184 1454 iudicium
1216 1405 1496 1455 excellentis
1531 1405 1743 1456 maxime
1770 1406 1925 1455 suavi·
1950 1425 1998 1467 15

199 1495 248 1537 26
271 1485 395 1535 tatis.
469 1488 636 1549 Atque
673 1487 770 1534 hoc
804 1485 957 1546 idern,
981 1487 1119 1549 quod
1157 1494 1231 1535 est
1262 1485 1314 1534 in
1351 1485 1534 1535 naturis
1563 1503 1738 1547 rerum,
1775 1495 1926 1535 trans-

270 1566 381 1615 ferri
416 1574 578 1629 potest
615 1565 764 1615 etiam
803 1566 868 1615 ad
905 1565 1054 1626 artis;
1102 1582 1202 1615 una
1237 1566 1454 1629 fingendi
1493 1574 1568 1615 est
1602 1582 1692 1627 ατε,
1735 1565 1788 1615 in
1827 1581 1927 1629 qua

269 1655 573 1711 praestantes
608 1647 805 1694 fuerunt
841 1648 1004 1709 Myro,
1037 1645 1317 1709 Polyclitus,
1345 1646 1602 1710 Lysippus,
1631 1646 1718 1710 qui
1751 1662 1926 1695 omnes

269 1727 396 1776 inter
431 1743 484 1776 se
518 1725 778 1776 dissimiles
814 1728 1023 1787 fuerunt,
1051 1729 1140 1776 sed
1171 1727 1238 1777 ita
1269 1735 1448 1787 tamen,
1483 1736 1538 1776 ut
1571 1727 1823 1777 neminem
1851 1725 1927 1776 sui

269 1809 392 1858 velis
428 1824 536 1857 esse
573 1807 861 1857 dissimilem
877 1826 891 1869 ς
943 1825 1042 1857 una
1082 1817 1157 1858 est
1195 1825 1271 1857 ars
1308 1808 1530 1872 ratioque
1564 1809 1796 1872 picturae,
1832 1807 1928 1857 dis·
1952 1820 2003 1850 ²0

271 1888 605 1951 simillimique
650 1897 816 1937 tamen
862 1888 988 1937 inter
1028 1905 1081 1937 se
1126 1888 1314 1948 Zeuxis,
1357 1890 1670 1952 Aglaophon,
1711 1889 1923 1952 Apelles,

271 1985 437 2032 neque
472 1985 644 2017 eorum
676 1968 940 2032 quisquam
970 1977 1059 2030 est,
1091 1968 1171 2017 cui
1203 1968 1468 2032 quicquam
1502 1969 1555 2017 in
1588 1978 1691 2018 arte
1725 1985 1814 2018 sua
1847 1970 1929 2018 de-

272 2066 382 2099 esse
417 2048 651 2098 videatur.
738 2050 803 2097 Et
843 2048 883 2098 si
920 2050 1017 2097 hoc
1054 2049 1105 2097 in
1145 2048 1221 2098 his
1262 2049 1402 2112 quasi
1442 2049 1589 2099 mutis
1629 2048 1814 2098 artibus
1855 2056 1929 2098 est

275 2130 555 2179 mirandum
579 2137 628 2178 et
652 2136 818 2178 tamen
843 2145 1026 2188 verum,
1054 2137 1241 2197 quanto
1272 2129 1606 2179 admirabilius
1632 2129 1684 2178 in
1708 2128 1929 2178 oratione

274 2220 425 2274 atque
448 2210 499 2258 in
523 2210 724 2273 lingua?
793 2211 937 2271 Quae
969 2227 1082 2259 cum
1107 2209 1158 2258 in
1182 2209 1369 2259 eisdem
1394 2210 1646 2260 sententiis
1670 2209 1930 2273 verbisque
1954 2218 2004 2261 25

277 2299 509 2351 versetur,
546 2306 762 2339 summas
804 2291 954 2339 habet
989 2290 1442 2352 dissimilitudines3
1490 2307 1593 2340 non
1633 2290 1716 2351 sic,
1758 2298 1812 2340 ut
1848 2289 1930 2339 alii

279 2371 587 2435 vituperandi
612 2371 720 2431 sint,
748 2373 838 2421 sed
869 2379 924 2420 ut
956 2371 1014 2431 ei,
1042 2387 1167 2435 quos
1202 2380 1395 2421 constet
1428 2388 1535 2422 esse
1563 2372 1856 2431 laudandOS,
1879 2370 1932 2419 in

208 2464 256 2510 27
280 2452 462 2516 dispari
508 2461 675 2502 tamen
721 2469 898 2515 genere
943 2454 1215 2502 laudentur.
1310 2456 1477 2516 Atque
1523 2453 1575 2503 id
1622 2453 1834 2516 primum
1881 2451 1933 2500 in

280 2533 438 2598 poetis
463 2534 594 2583 cerni
627 2533 754 2594 licet,
780 2534 959 2597 quibus
983 2543 1057 2584 est
1081 2534 1300 2598 proxima
1332 2534 1561 2597 cognatio
1592 2550 1707 2583 cum
1739 2531 1934 2582 oratori-

282 2615 405 2663 bus:
457 2631 608 2677 quam
646 2624 759 2664 sunt
805 2615 931 2664 inter
968 2632 1076 2666 sese
1124 2615 1327 2674 Ennius,
1371 2614 1612 2663 Pacuvius
1653 2612 1934 2676 Acciusque
1957 2623 2009 2664 30

283 2694 557 2755 dissimiles,
618 2712 767 2758 quam
828 2697 961 2759 apud
1023 2698 1239 2746 Graecos
1300 2696 1588 2758 Aeschylus,
1645 2693 1934 2758 SophocleS,

338 2835 365 2872 3
394 2824 525 2872 partis
545 2823 800 2864 Lambinus:
835 2824 1001 2875 partitis
1021 2823 1130 2864 codd.
1309 2836 1357 2862 10
1387 2835 1463 2861 nos
1483 2821 1623 2860 omnia
1645 2820 1797 2860 maluit
1812 2815 1948 2869 Soros

289 2878 337 2914 16
329 2876 506 2968 dabitque
536 2876 794 2919 Lambinus:
825 2883 868 2918 at
887 2878 1009 2918 codd.'
1175 2890 1231 2927 3ο
1258 2889 1382 2927 quam
1409 2880 1511 2915 sunt
1529 2874 1666 2915 Bake:
1702 2886 1826 2924 quam
1847 2873 1935 2913 sint

286 2942 327 2969 co
387 2959 397 2969 .
