2150 3444
100 161 259 213 77312
737 150 808 197 M.
845 148 1059 197 TVLLI
1097 147 1480 197 CICERONIS

187 303 262 342 312
287 284 453 349 itaque
477 287 553 335 vel
577 302 628 335 re
652 293 842 334 narrata
866 293 915 334 et
939 283 1159 348 exposita
1193 299 1340 347 saepe
1371 283 1515 333 datur
1536 285 1602 334 ad
1618 288 1939 335 commoven-

287 367 378 416 dos
402 366 593 415 animos
618 365 925 430 digrediendi
950 367 1102 424 locuS,
1128 366 1205 413 vel
1229 363 1526 428 argumentis
1558 365 1736 414 nostris
1766 365 1940 414 confir-

287 446 429 495 matis
453 448 531 496 vel
567 445 819 496 contrariis
855 444 1073 494 refutatis
1098 446 1175 494 vel
1209 453 1419 508 utroque
1454 446 1566 494 loco
1589 446 1666 494 vel
1690 444 1936 506 omnibuS,

287 527 328 576 si
352 528 502 577 habet
526 544 636 576 eam
669 542 817 576 causa
848 525 1138 589 dignitatem
1171 535 1319 589 atque
1352 525 1562 589 copiam,
1588 533 1720 575 recte
1750 525 1803 575 id
1834 524 1940 576 fieri

287 615 479 670 potest3
515 623 701 670 eaeque
726 623 902 656 causae
938 615 1052 656 sunt
1087 608 1151 656 ad
1185 608 1468 670 augendum
1492 615 1542 655 et
1564 607 1629 656 ad
1661 608 1939 656 ornandum
1962 622 1987 666 5

286 686 596 751 gravissimae
632 696 781 750 atque
818 687 1143 750 plenissimae,
1189 703 1316 750 quae
1356 685 1592 749 plurimos
1630 685 1786 735 exitus
1821 688 1942 736 dant

288 768 352 816 ad
393 767 496 816 eius
532 767 669 816 modi
709 767 1076 831 digressionem,
1108 776 1162 816 ut
1199 766 1268 816 eis
1304 766 1424 816 locis
1460 766 1532 816 uti
1566 766 1722 827 liceat,
1761 766 1941 830 quibus

289 847 566 896 animorum
624 847 837 911 impetus
874 865 1058 907 eorum,
1103 848 1187 911 qui
1234 847 1450 907 audiant,
1499 856 1583 897 aut
1629 847 1943 912 impellantur

189 943 267 984 313
288 936 373 975 aut
407 929 728 976 reflectantur.
799 930 967 991 Atque
996 927 1143 977 etiam
1179 928 1229 976 in
1265 928 1349 978 illo
1381 930 1689 993 reprehendo
1713 945 1811 989 θος,
1839 927 1940 991 qui,

289 1023 416 1070 quae
445 1006 648 1056 minime
672 1009 812 1055 firma
844 1017 972 1068 sunt,
1000 1025 1058 1057 ea
1092 1007 1250 1072 prima
1284 1010 1547 1058 conlocant
1563 1027 1577 1070 3
1612 1009 1663 1057 in
1699 1025 1800 1073 quo
1831 1008 1941 1057 illos
1966 1027 2018 1057 10

290 1103 489 1150 quoque
536 1103 692 1137 errare
744 1087 963 1148 arbitror,
1013 1088 1112 1151 qui,
1162 1089 1203 1137 si
1260 1089 1582 1152 quando—id
1628 1091 1764 1154 quod
1820 1088 1943 1138 mihi

290 1183 562 1231 numquam
597 1167 999 1233 placuit—pluris
1034 1168 1274 1218 adhibent
1308 1178 1554 1233 patronOS,
1581 1178 1636 1219 ut
1664 1169 1716 1218 in
1745 1185 1945 1233 quoque

290 1264 461 1297 eorum
480 1247 742 1296 minimum
767 1257 942 1312 putant
961 1265 1080 1309 esse,
1101 1248 1168 1297 ita
1191 1266 1306 1298 eum
1324 1249 1538 1312 primum
1555 1251 1727 1299 volunt
1751 1249 1944 1299 dicere:

290 1345 365 1376 res
390 1327 523 1376 enim
547 1329 643 1377 hoc
674 1331 904 1392 postulat,
930 1337 985 1378 ut
1017 1345 1187 1378 eorum
1220 1329 1584 1393 exspectationi,
1611 1329 1698 1393 qui
1719 1329 1940 1388 audiunt,

291 1425 441 1472 quam
465 1408 715 1458 celerrime
740 1419 1046 1459 succurratur
1062 1428 1076 1471 3
1112 1410 1192 1458 cui
1228 1410 1269 1460 si
1304 1410 1446 1459 initio
1481 1410 1596 1460 satis
1625 1412 1810 1459 factum
1838 1426 1942 1459 non
1966 1425 2016 1470 15

293 1488 354 1537 sit
370 1506 384 1548 3
420 1490 575 1537 multo
599 1491 708 1552 plus
734 1489 795 1538 sit
819 1489 871 1538 in
895 1489 1082 1554 reliqua
1101 1506 1249 1538 causa
1271 1490 1598 1540 laborandum
1615 1508 1629 1551 3
1663 1492 1792 1540 male
1809 1490 1943 1540 enim

293 1585 345 1617 se
382 1586 457 1618 res
495 1570 659 1630 habet,
701 1586 828 1633 quae
862 1587 964 1620 non
1002 1571 1178 1630 statim,
1211 1579 1266 1619 ut
1301 1570 1400 1620 dici
1436 1580 1612 1635 coepta
1646 1580 1733 1631 est,
1771 1570 1945 1620 melior

192 1663 271 1706 314
293 1649 397 1698 fieri
430 1649 633 1699 videtur.
708 1653 839 1714 Ergo
874 1661 928 1701 ut
963 1651 1015 1700 in
1051 1661 1242 1701 oratore
1277 1652 1494 1716 optimus
1528 1651 1750 1716 quisque,
1789 1651 1859 1700 sic
1893 1650 1945 1700 in

292 1729 512 1779 oratione
530 1730 863 1781 firmissimum
879 1734 1115 1796 quodque
1134 1732 1196 1781 sit
1210 1732 1423 1796 primum
1441 1749 1455 1792 3
1488 1733 1611 1781 dum
1634 1731 1756 1781 illud
1779 1740 1946 1781 tamen

292 1810 343 1859 in
378 1819 586 1874 utroque
621 1820 856 1872 teneatur,
884 1822 938 1861 ut
974 1829 1044 1872 ea,
1077 1829 1204 1876 quae
1233 1815 1485 1872 excellent,
1513 1820 1763 1861 serventur
1796 1811 1944 1861 etiam
1969 1831 2022 1861 κο

291 1891 357 1940 ad
402 1893 765 1954 perorandum3
819 1892 860 1940 si
907 1909 1034 1956 quae
1080 1901 1222 1941 erunt
1268 1891 1548 1952 mediocria,
1597 1909 1713 1940 nam
1758 1891 1945 1941 vitiosis

293 1986 537 2034 nusquam
567 1988 674 2021 esse
711 1981 904 2035 oportet
935 1974 1114 2032 locum,
1150 1972 1202 2020 in
1235 1972 1450 2022 mediam
1487 1972 1681 2022 turbam
1711 1980 1860 2035 atque
1894 1971 1946 2020 in

193 2065 271 2110 315
292 2068 487 2116 gregem
536 2052 853 2102 coniciantur.
951 2052 1108 2102 Hisce
1154 2052 1385 2102 omnibus
1432 2053 1578 2102 rebus
1626 2052 1946 2102 consideratis

293 2141 399 2182 tum
434 2133 649 2197 denique
690 2134 755 2194 id,
793 2135 930 2198 quod
965 2134 1179 2198 primum
1215 2143 1288 2183 est
1323 2133 1606 2193 dicendum,
1643 2142 1946 2197 postremum

294 2215 429 2263 soleo
454 2214 682 2278 cogitare,
700 2231 800 2278 quo
819 2223 927 2264 utar
950 2214 1163 2265 exordio.
1213 2216 1346 2263 Nam
1370 2214 1411 2263 si
1435 2215 1636 2278 quando
1659 2214 1711 2264 id
1734 2214 1947 2279 primum
1971 2235 2020 2277 25

291 2294 511 2344 invenire
557 2295 704 2355 volui,
753 2297 945 2344 nullum
992 2295 1114 2345 mihi
1161 2295 1371 2348 occurrit
1417 2294 1512 2344 nisi
1557 2304 1643 2345 aut
1689 2294 1814 2345 exile
1863 2303 1949 2345 aut

207 2375 272 2437 78
296 2374 604 2438 nugatorium
640 2383 725 2424 aut
757 2377 954 2440 vulgare
999 2385 1084 2424 aut
1130 2392 1408 2425 commune.
1504 2375 1750 2439 Principia
1781 2383 1948 2429 autem

294 2454 494 2504 dicendi
529 2471 722 2519 semper
770 2473 885 2504 cum
934 2464 1162 2505 accurata
1207 2465 1257 2505 et
1301 2465 1447 2506 acuta
1481 2465 1530 2506 et
1564 2456 1802 2505 instructa
1843 2472 1950 2506 sen·

294 2534 473 2595 tentiiS,
499 2544 613 2599 apta
631 2535 805 2596 verbiS‚
832 2545 939 2585 tum
963 2553 1078 2586 vero
1102 2552 1359 2586 causarum
1384 2535 1579 2600 propria
1602 2553 1709 2586 esse
1733 2529 1948 2598 debent3

348 2663 401 2701 M
418 2682 453 2696 =
474 2662 611 2702 ΑΕΗ
771 2678 796 2702 2
826 2665 982 2704 nostris
1011 2678 1131 2705 recc.:
1168 2677 1251 2705 om.
1282 2663 1396 2704 codd.
1563 2676 1590 2713 3
1617 2664 1686 2703 vel
1716 2662 1848 2704 contr.
1872 2664 1946 2705 res.

296 2717 405 2757 conf.
444 2717 498 2756 M
601 2718 696 2757 loco
735 2732 818 2757 om.
848 2718 885 2755 L
1076 2733 1102 2768 4
1132 2717 1512 2768 causadignitatis
1545 2723 1672 2767 atque
1703 2730 1871 2758 causam
1898 2716 1953 2756 M

296 2781 322 2819 5
351 2772 589 2820 augendum
610 2771 692 2811 cod.
720 2771 942 2811 Lambini:
973 2774 1183 2820 agendum
1203 2771 1314 2811 codd.
1458 2772 1663 2810 orandum
1682 2770 1736 2809 M
1889 2769 1946 2812 '12

298 2829 345 2862 ut
367 2824 408 2862 in
428 2837 595 2874 quoque
615 2825 652 2862 L
671 2840 679 2864 z
711 2826 769 2864 uti
790 2839 960 2876 quoque
980 2825 1034 2864 M
1154 2827 1202 2864 18
1231 2831 1296 2865 est
1316 2826 1376 2864 sic
1397 2832 1440 2865 et
1459 2824 1496 2862 L
1608 2838 1660 2863 22
1689 2832 1816 2875 atque
1834 2825 1877 2863 in
1897 2821 1952 2874 Μ

298 2889 349 2926 23
372 2878 634 2916 coniciantur
647 2879 831 2918 Ellendt:
855 2878 1152 2919 coiciunturM
1164 2895 1173 2918 z
1195 2880 1444 2919 coiicientur
1462 2878 1524 2917 O:
1546 2879 1823 2918 coniiciantur
1833 2878 1949 2931 vulg.

297 2942 351 2980 27
378 2936 449 2969 aut
470 2942 694 2971 commune
713 2933 766 2971 H
781 2947 867 2973 rece.
895 2949 903 2972 :
935 2939 1061 2984 atque
1083 2940 1304 2973 commune
1324 2931 1476 2984 AE7L
1497 2932 1608 2991 vulg.
