2150 3444
732 142 831 194 DE
863 140 1205 192 ORATORE
1277 142 1331 194 11
1887 158 1922 205 9
1949 163 1998 204 35

198 281 421 334 eiusdem
440 291 490 333 et
507 281 783 347 languentis
808 281 980 346 populi
1004 280 1225 332 incitatio
1243 289 1292 331 et
1311 281 1532 332 effrenati
1558 282 1832 332 moderatio
1850 301 1864 343 3

197 363 373 416 eadem
413 364 645 417 facultate
680 372 730 416 et
766 365 896 412 fraus
937 362 1198 414 hominum
1238 363 1303 413 ad
1346 361 1616 426 perniciem
1654 371 1704 412 et
1744 363 1859 412 inte-

196 443 345 510 gritas
389 445 457 496 ad
502 445 711 495 salutem
752 453 968 495 vocatur,
1058 442 1186 506 Quis
1233 442 1480 493 cohortari
1525 444 1591 494 ad
1633 442 1863 494 virtutem

194 524 461 586 ardentiuS,
511 525 622 590 quis
668 542 699 575 a
745 525 874 584 vitiis
919 524 1079 575 acrius
1137 541 1380 585 revocare,
1431 523 1542 589 quis
1590 524 1865 589 vituperare

148 623 173 667 5
196 605 451 673 improbos
483 606 716 673 asperim,
744 606 856 672 quis
891 608 1091 656 laudare
1124 607 1287 658 bonos
1323 605 1555 665 ornatiuS‚
1583 605 1695 670 quis
1731 606 1867 671 cupi-

195 687 402 740 ditatem
448 687 792 741 vehementius
838 689 1059 751 frangere
1105 688 1392 738 accusando
1439 689 1645 752 potest?
1738 688 1865 750 Quis

196 785 470 821 maerorem
503 770 664 821 levare
700 767 867 819 mitius
902 770 1253 819 consolando?
1324 767 1548 819 Historia
1575 786 1693 818 vero
1725 768 1863 819 testis
1890 769 1943 821 36

195 857 487 915 temporum,
514 851 599 899 lux
621 848 848 911 veritatiS,
875 848 977 899 vita
1008 848 1288 909 memoriae,
1317 848 1548 913 magistra
1571 848 1712 908 vitae,
1741 866 1865 898 nun-

196 928 266 980 tia
285 928 553 991 vetustatiS,
579 946 679 994 qua
702 946 825 981 voce
855 929 953 982 alia
982 930 1077 980 nisi
1109 929 1315 980 oratoris
1343 928 1699 981 immortalitati
1731 946 1866 980 com-

124 1028 175 1063 10
195 1012 492 1064 mendatur?
560 1013 693 1063 Nam
734 1011 776 1062 si
811 1029 911 1076 qua
949 1021 1025 1062 est
1060 1028 1138 1062 ars
1178 1012 1286 1072 alia,
1322 1029 1451 1077 quae
1482 1013 1745 1063 verborum
1777 1021 1866 1062 aut

172 1091 533 1143 'faciendorum
567 1101 653 1142 aut
687 1094 1011 1159 legendorum
1047 1094 1305 1144 scientiam
1341 1095 1628 1161 profiteatur
1643 1112 1657 1155 3
1697 1102 1784 1143 aut
1821 1093 1864 1143 si

194 1173 457 1240 quisquam
502 1174 683 1226 dicitur
727 1175 824 1228 nisi
869 1184 1032 1227 orator
1077 1178 1287 1227 formare
1333 1176 1610 1228 orationem
1649 1193 1862 1241 eamque

193 1254 378 1306 variare
416 1265 468 1308 et
506 1256 808 1322 distinguere
842 1257 985 1323 quasi
1024 1257 1327 1323 quibusdam
1363 1259 1627 1309 verborum
1669 1267 1862 1308 senten-

194 1331 472 1403 tiarumque
505 1337 782 1403 insignibus
798 1357 812 1401 3
846 1348 932 1391 aut
963 1339 1004 1390 si
1036 1339 1115 1390 via
1146 1342 1247 1391 ulla
1278 1339 1373 1390 nisi
1404 1341 1468 1390 ab
1500 1342 1595 1391 hac
1626 1357 1727 1390 una
1757 1348 1862 1394 arte

122 1434 172 1478 15
193 1418 399 1470 traditur
434 1429 520 1470 aut
560 1430 962 1485 argumentorum
1002 1431 1089 1472 aut
1129 1422 1484 1472 sententiarum
1520 1431 1608 1471 aut
1641 1421 1861 1486 denique

190 1501 525 1567 discriptionis
548 1512 700 1568 atque
731 1504 931 1564 ordiniS,
958 1506 1200 1554 fateamur
1222 1513 1308 1555 aut
1332 1506 1443 1565 hoo,
1471 1505 1610 1568 quod
1634 1505 1758 1554 haec
1781 1521 1859 1554 ars

191 1583 488 1647 profiteatur,
515 1583 734 1635 alienum
758 1602 866 1637 esse
897 1594 983 1635 aut
1010 1602 1124 1635 cum
1156 1585 1252 1635 alia
1278 1585 1445 1649 aliqua
1468 1594 1570 1635 arte
1595 1601 1702 1635 esse
1726 1601 1863 1636 com·

193 1679 374 1717 mune:
408 1666 499 1717 sed
527 1665 570 1715 si
599 1665 653 1718 in
680 1668 774 1716 hac
798 1683 897 1718 una
927 1675 1003 1716 est
1030 1684 1090 1717 ea
1120 1666 1244 1716 ratio
1278 1675 1428 1729 atque
1463 1665 1705 1725 doctrina,
1738 1683 1856 1727 non,
1884 1680 1936 1727 37

192 1744 237 1796 si
273 1745 361 1810 qui
397 1746 602 1798 aliarum
640 1748 819 1799 artium
859 1749 990 1799 bene
1026 1748 1179 1799 locuti
1221 1756 1348 1808 sunt,
1387 1764 1450 1797 eo
1491 1747 1657 1797 minus
1694 1747 1747 1798 id
1786 1757 1861 1798 est

119 1846 172 1879 ιο
191 1826 340 1878 huius
375 1828 522 1879 unius
562 1829 816 1895 proprium
831 1849 846 1892 3
887 1832 975 1881 sed
1017 1839 1071 1881 ut
1112 1838 1275 1880 orator
1315 1830 1380 1879 de
1418 1828 1488 1878 eis
1530 1829 1691 1889 rebus,
1731 1846 1862 1894 quae

190 1916 463 1959 ceterarum
486 1909 665 1960 artium
689 1919 816 1971 sunt,
837 1911 877 1961 si
902 1912 1054 1962 modo
1075 1927 1157 1960 eas
1173 1909 1419 1974 cognovit,
1442 1918 1496 1959 ut
1520 1909 1627 1959 heri
1651 1910 1858 1962 Crassus

189 1989 400 2051 dicebat,
427 1991 616 2056 optime
639 2002 804 2056 potest
827 1992 1004 2053 dicere,
1033 1992 1102 2042 sic
1126 2002 1400 2043 ceterarum
1423 1991 1603 2041 artium
1627 1991 1856 2043 homines

189 2071 409 2123 ornatius
448 2071 536 2123 illa
572 2089 666 2127 sua
701 2074 887 2134 dicunt,
933 2074 974 2124 si
1014 2073 1138 2138 quid
1178 2074 1242 2125 ab
1284 2074 1378 2123 hac
1412 2081 1517 2123 arte
1557 2072 1852 2123 didicerunt.

189 2153 370 2218 Neque
414 2153 549 2209 enim
595 2154 637 2204 si
683 2156 748 2206 de
788 2154 980 2205 rusticis
1025 2156 1173 2205 rebus
1219 2154 1433 2220 agricola
1477 2153 1725 2220 quispiam
1770 2163 1858 2205 aut
1881 2160 1937 2210 38.

116 2253 169 2306 25
188 2233 354 2303 etiam,
379 2233 432 2286 id
455 2237 594 2300 quod
618 2236 773 2297 multi,
794 2236 1017 2288 medicus
1040 2239 1105 2288 de
1129 2236 1316 2288 morbis
1339 2245 1427 2286 aut
1449 2235 1492 2286 si
1514 2238 1579 2288 de
1602 2236 1859 2301 pingendo

187 2315 350 2382 pictor
369 2316 547 2382 aliquis
569 2317 750 2371 diserte
774 2318 1019 2384 scripserit
1045 2327 1131 2368 aut
1162 2318 1352 2379 dixerit,
1379 2318 1564 2369 idcirco
1588 2317 1718 2368 illius
1741 2317 1861 2369 artis

187 2399 413 2463 putanda
443 2407 520 2450 est
546 2399 831 2464 eloquentia
845 2418 861 2463 5
901 2399 953 2451 in
982 2417 1083 2464 qua
1108 2400 1228 2465 quia
1260 2399 1333 2449 vis
1365 2417 1546 2464 magna
1573 2408 1647 2449 est
1685 2398 1737 2448 in
1772 2401 1860 2451 ho-

188 2478 381 2532 minum
414 2478 637 2546 ingeniiS,
671 2498 734 2533 eo
768 2481 911 2533 multi
946 2481 1094 2531 etiam
1130 2481 1237 2531 sine
1274 2481 1500 2531 doctrina
1530 2480 1719 2544 aliquid
1754 2497 1861 2531 om-

188 2559 328 2615 nium
350 2576 587 2626 generum
610 2571 761 2628 atque
783 2562 962 2612 artium
981 2571 1383 2626 consequuntur;
1424 2563 1526 2622 sed,
1549 2562 1672 2626 quid
1697 2561 1858 2615 cuius-

114 2661 165 2701 30
186 2658 288 2712 que
319 2642 383 2695 sit
415 2643 683 2712 proprium,
721 2643 813 2696 etsi
848 2661 909 2695 ex
942 2661 1004 2696 eo
1038 2643 1244 2695 iudicari
1283 2652 1462 2711 potest,
1498 2660 1615 2694 cum
1656 2643 1852 2705 videriS,

240 2773 295 2817 M
310 2792 347 2809 =
366 2772 505 2816 ΑΕΗ
672 2787 690 2817 1
723 2775 851 2817 etiam
880 2776 1048 2827 guentis
1067 2773 1120 2814 M
1255 2780 1299 2814 et
1329 2774 1396 2815 eff.
1431 2774 1665 2815 moderatio
1694 2786 1776 2814 om.
1804 2772 1859 2813 M

184 2842 215 2882 9
240 2829 558 2872 immortalitate
587 2829 642 2870 M
825 2844 876 2871 1o
902 2830 1129 2871 verborum
1156 2835 1228 2870 aut
1259 2830 1537 2880 legendorum
1570 2830 1624 2869 M
1803 2842 1852 2868 12

185 2883 289 2926 dicit
320 2884 431 2926 codd.
629 2898 678 2936 14
708 2899 792 2926 una
822 2899 904 2926 om.
943 2885 996 2924 M
1196 2896 1250 2938 25
1283 2885 1437 2926 medici
1467 2883 1599 2935 codd.,
1628 2897 1727 2925 corr.
1760 2882 1850 2925 edd.

185 2940 240 2982 28
268 2951 323 2980 eo
342 2939 462 2980 multi
482 2934 519 2979 L
541 2953 631 2981 recc.
651 2953 660 2981 :
700 2940 977 2982 emolumenti
998 2937 1052 2980 M

219 3017 318 3050 cxc.
342 3019 399 3049 m:
419 3020 547 3050 οκΑτ.
1717 3009 1744 3047 6
