2112 3444
774 143 870 192 DE
906 142 1246 192 ORATORE
1285 142 1308 191 1
1903 145 1958 194 18
1984 153 2041 195 821*

213 285 305 339 abs
325 293 376 336 te
399 285 554 334 modo
578 291 693 333 sunt
716 281 972 343 nominati,
994 281 1109 332 cum
1134 283 1230 331 hoc
1250 282 1418 331 nescio
1443 299 1544 345 quo
1569 284 1722 332 modo
1746 285 1880 346 apud

213 372 301 420 eos
339 365 700 426 increbruisset,
740 381 821 414 me
858 364 909 412 in
948 363 1107 413 causis
1146 363 1413 412 maioribus
1455 363 1598 412 sicuti
1639 372 1688 412 te
1725 366 1880 413 solere

212 446 404 507 versari,
430 462 521 511 pro
558 462 613 495 se
651 445 862 509 quisque
898 453 952 493 ut
986 453 1178 508 poterat
1213 445 1278 493 de
1313 443 1477 493 officio
1513 452 1561 493 et
1597 446 1661 493 de
1693 445 1882 494 ratione

213 527 417 580 oratoris
441 525 736 590 disputabat.
795 528 994 575 Horum
1018 524 1114 584 alii,
1135 524 1279 574 sicuti
1303 524 1394 573 iste
1413 524 1518 588 ipse
1539 526 1880 585 MnesarchuS,
1906 539 1929 577 8
1935 548 1957 587 3

166 627 192 670 5
213 610 320 669 hos,
364 623 491 672 quos
526 623 619 656 nos
657 615 874 656 oratores
912 622 1215 666 vocaremuS,
1250 605 1373 653 nihil
1409 622 1516 654 esse
1552 604 1751 655 dicebat
1788 605 1882 654 nisi

212 690 458 755 quosdam
499 687 747 752 operarios
793 687 960 750 lingua
1005 686 1151 736 celeri
1199 695 1247 735 et
1294 685 1586 747 exercitata,
1638 694 1881 735 oratorem

212 779 394 831 autem,
429 767 524 818 nisi
561 767 647 832 qui
686 767 882 832 sapiens
918 776 1060 828 esset,
1088 783 1196 816 esse
1233 766 1499 827 neminem,
1537 776 1687 830 atque
1722 767 1881 830 ipsam

189 849 563 915 eloquentiam,
590 850 728 913 quod
753 866 812 898 ex
837 849 964 898 bene
989 848 1190 897 dicendi
1214 847 1419 897 scientia
1443 857 1703 908 constaret,
1730 865 1881 896 unam

215 932 466 997 quandam
482 946 589 980 esse
607 929 850 990 virtutem,
879 938 928 979 et
952 929 1038 993 qui
1056 946 1207 979 unam
1225 929 1455 978 virtutem
1480 930 1697 990 haberet,
1720 929 1883 979 omnis

142 1035 195 1069 ιο
215 1013 398 1063 habere
421 1027 604 1076 easque
635 1027 743 1060 esse
775 1011 901 1060 inter
934 1026 987 1059 se
1023 1010 1242 1074 aequalis
1268 1019 1316 1059 et
1340 1010 1469 1074 paris
1487 1028 1501 1071 5
1535 1009 1616 1071 ita,
1644 1010 1730 1074 qui
1755 1019 1884 1060 esset

215 1095 469 1158 eloquenS‚
495 1109 610 1143 eum
634 1086 836 1142 virtutes
869 1091 1031 1142 omnis
1064 1092 1246 1141 habere
1278 1101 1427 1155 atque
1459 1108 1567 1141 esse
1592 1092 1879 1156 sapientem.

216 1175 317 1225 Sed
355 1175 480 1224 haec
517 1182 619 1223 erat
656 1173 857 1238 spinosa
897 1174 1143 1237 quaedam
1182 1181 1230 1222 et
1268 1172 1404 1222 exilis
1443 1173 1599 1223 oratio
1637 1175 1884 1237 longeque

215 1272 247 1306 a
290 1253 470 1305 nostris
517 1253 743 1304 sensibus
789 1254 1099 1304 abhorrebat.
1191 1255 1498 1304 Charmadas
1554 1270 1670 1304 vero
1726 1256 1884 1304 multo
1908 1266 1961 1318 84

215 1335 416 1386 uberius
469 1334 658 1385 eisdem
713 1336 778 1386 de
824 1336 971 1385 rebus
1019 1335 1327 1399 loquebatur,
1378 1352 1479 1385 non
1527 1352 1629 1399 quo
1675 1335 1884 1399 aperiret

148 1433 194 1475 15
217 1416 512 1468 sententiam
553 1433 725 1478 suam,
773 1416 855 1466 hic
896 1416 1029 1466 enim
1068 1433 1177 1466 mos
1215 1425 1317 1465 erat
1354 1416 1538 1480 patrius
1581 1416 1884 1467 Academiae

216 1497 463 1549 adversari
486 1514 681 1562 semper
712 1497 945 1547 omnibus
970 1496 1021 1546 in
1046 1497 1350 1561 disputando
1367 1515 1382 1558 3
1417 1499 1506 1547 sed
1530 1514 1645 1547 curn
1672 1498 1885 1547 maxime

218 1587 386 1628 tamen
416 1579 515 1627 hoc
550 1577 870 1642 significabat,
912 1595 1012 1638 θος,
1053 1578 1139 1642 qui
1174 1579 1393 1628 rhetores
1428 1577 1802 1628 nominarentur
1837 1587 1885 1628 et

217 1658 304 1723 qui
341 1658 543 1708 dicendi
582 1668 844 1722 praecepta
881 1660 1142 1719 traderent,
1177 1659 1300 1708 nihil
1337 1661 1484 1723 plane
1521 1668 1688 1709 tenere
1721 1676 1886 1724 neque

216 1755 365 1804 posse
388 1755 691 1804 quemquam
715 1741 999 1796 facultatem
1022 1740 1230 1804 adsequi
1259 1740 1474 1801 dicendi,
1502 1741 1595 1790 nisi
1620 1741 1705 1805 qui
1730 1741 1886 1806 philo-

144 1839 196 1870 πο
217 1821 489 1884 sophorum
534 1819 735 1870 inventa
775 1820 1041 1871 didicisset.
1089 1821 1095 1895 ζ
1118 1821 1452 1884 Disputabant
1499 1831 1670 1872 contra
1717 1823 1885 1873 diserti
1908 1797 1969 1914 ἒξ

216 1899 444 1950 homines
468 1900 800 1951 Athenienses
835 1911 885 1951 et
919 1901 971 1950 in
1007 1919 1058 1950 re
1094 1901 1293 1965 publica
1324 1903 1585 1967 causisque
1610 1904 1808 1965 versati,
1835 1904 1886 1953 in

216 1979 328 2044 quis
368 1989 470 2030 erat
517 1981 665 2031 etiam
713 1982 768 2043 is,
818 1983 904 2046 qui
951 2000 1108 2047 nuper
1150 1985 1345 2033 Romae
1385 1983 1490 2044 fuit,
1537 1987 1884 2047 MenedemuS,

216 2063 399 2126 hospes
423 2078 596 2124 meus;
631 2063 717 2127 qui
751 2080 865 2113 cum
902 2064 1087 2114 diceret
1123 2081 1231 2114 esse
1267 2067 1519 2128 quandam
1556 2066 1890 2130 prudentiam,-

215 2159 344 2207 quae
366 2151 638 2194 versaretur
661 2144 712 2193 in
744 2145 1099 2210 perspiciendis
1132 2145 1404 2195 rationibus
1430 2147 1886 2197 constituendarum

144 2236 192 2281 ²5
217 2233 267 2274 et
295 2225 621 2288 regendarum
652 2243 815 2276 rerum
849 2226 1173 2291 publicarum,
1210 2227 1513 2277 excitabatur
1544 2229 1698 2278 homo
1728 2246 1888 2292 prom-

217 2314 332 2370 ptus
362 2314 514 2370 atque
549 2307 687 2356 omni
718 2308 981 2358 abundans
1014 2308 1241 2358 doctrina
1276 2318 1325 2358 et
1361 2311 1578 2372 quadam
1610 2309 1887 2359 incredibili

216 2385 450 2436 varietate
486 2403 649 2437 rerum
677 2397 827 2452 atque
851 2389 1024 2453 copia:
1061 2390 1224 2439 omnis
1249 2390 1383 2439 enim
1408 2390 1556 2454 partis
1581 2390 1709 2440 illius
1734 2389 1887 2454 ipsius

218 2466 511 2531 prudentiae
546 2470 787 2532 petendas
823 2487 931 2519 esse
966 2487 995 2519 a
1031 2470 1347 2535 philosophia
1379 2471 1593 2521 docebat
1626 2487 1789 2534 neque
1814 2488 1885 2531 ea,

219 2563 349 2611 quae
396 2557 724 2599 statuerentur
761 2550 812 2599 in
859 2568 911 2599 re
948 2552 1149 2614 publica
1186 2554 1249 2601 de
1291 2552 1367 2602 dis
1410 2552 1783 2613 immortalibus,
1824 2554 1889 2602 de

143 2641 199 2684 30
220 2627 481 2692 disciplina
499 2628 780 2691 iuventutis,
801 2632 866 2680 de
884 2630 1081 2692 iustitia,
1103 2634 1167 2681 de
1191 2632 1439 2696 patientia,
1461 2635 1525 2683 de
1549 2633 1886 2697 temperantia,

219 2710 285 2760 de
322 2711 478 2760 modo
515 2727 677 2761 rerum
715 2712 954 2773 omnium,
994 2722 1268 2777 ceteraque,
1307 2713 1413 2763 sine
1449 2714 1631 2778 quibus
1670 2714 1890 2764 civitates

219 2798 305 2841 aut
343 2807 452 2842 esse
490 2801 576 2842 aut
614 2793 743 2843 bene
780 2803 999 2844 moratae
1040 2810 1148 2843 esse
1189 2811 1291 2844 non
1329 2805 1545 2858 possent,
1578 2812 1799 2860 usquam
1839 2795 1890 2844 in

274 2919 467 2962 M=HE
632 2924 837 2976 26‘atque
856 2925 972 2965 omni
988 2925 1211 2966 abundans
1230 2923 1345 2966 Bake
1362 2940 1371 2966 :
1400 2926 1454 2965 ab
1473 2925 1891 2967 homine‘abundanti

223 2974 336 3016 codd.
452 2989 506 3028 32
526 2978 769 3020 moderatae
783 2978 874 3019 HE
876 2981 890 3003 ²
1848 3000 1852 3005 ·
