2150 3444
61 134 129 185 70
147 134 222 173 282
707 129 777 176 M.
815 126 1025 177 TVLLI
1064 127 1445 178 CICERONIS

143 273 222 322 283
246 264 286 316 si
314 265 366 315 id
402 266 624 316 fecero':
678 265 883 316 ‘melius
921 268 1023 315 est'
1058 264 1217 330 inquit
1257 268 1433 329 ‘quam
1465 267 1634 315 reum.’
1704 266 1900 318 Bellum

245 345 393 396 etiarn
431 355 518 407 est,
546 363 660 397 cum
686 347 807 411 quid
840 346 1019 410 cuique
1050 347 1110 395 sit
1146 354 1536 395 consentaneum
1572 346 1750 397 dicitur
1765 366 1779 409 3
1828 356 1897 408 ut,

245 443 359 477 cum
399 430 609 478 Scaurus
647 445 750 478 non
788 430 974 477 nullam
1022 428 1226 477 haberet
1263 416 1500 477 invidiam
1541 445 1602 478 ex
1639 445 1714 489 eo,
1762 430 1900 493 quod

246 509 534 573 Phrygionis
583 509 803 574 Pompei,
853 507 1112 573 locupletis
1160 508 1387 569 hominiS‚
1438 509 1575 560 bona
1613 509 1719 559 sine
1758 518 1901 560 testa-

154 643 159 647 ,
244 599 414 639 mento
449 593 748 654 possederat,
787 592 1078 654 sederetque
1113 591 1380 639 advocatus
1416 607 1500 639 reo
1538 591 1746 653 Bestiae,
1783 607 1899 640 cum
1921 605 1946 647 5

242 671 390 719 funus
428 672 682 734 quoddam
720 672 992 731 duceretur,
1029 679 1284 720 accusator
1321 672 1375 721 C.
1416 670 1687 721 Memmius
1726 670 1899 732 ‘vide,'

243 751 402 815 inquit
444 753 667 814 ‘Scaure,
711 761 932 802 mortuus
971 752 1166 815 rapitur,
1211 751 1251 801 si
1288 761 1430 817 potes
1468 770 1576 803 esse
1616 754 1899 818 possessor.'

143 840 221 890 284
244 834 343 882 Sed
385 850 443 882 ex
480 832 555 882 his
593 832 824 882 omnibus
866 833 988 881 nihil
1026 832 1180 897 magis
1205 833 1400 894 ridetur,
1445 850 1594 897 quam
1641 834 1778 897 quod
1823 841 1898 883 est

243 922 433 976 praeter
467 913 898 977 exspectationem,
931 913 1070 962 cuius
1106 912 1482 964 innumerabilia
1517 922 1631 963 sunt
1655 916 1893 978 exempla,

243 994 320 1042 vel
344 993 478 1056 Appi
502 992 697 1042 maioris
722 992 862 1052 illius,
891 991 977 1055 qui
1001 991 1052 1040 in
1084 1002 1271 1053 senatu,
1299 1010 1413 1043 cum
1437 1002 1659 1058 ageretur
1681 996 1746 1044 de
1768 994 1894 1060 agris
1921 1008 1972 1037 10

242 1072 453 1136 publicis
481 1081 530 1122 et
553 1075 618 1122 de
648 1075 756 1136 lege
778 1073 965 1122 Thoria
995 1082 1045 1122 et
1074 1082 1321 1138 peteretur
1343 1076 1580 1123 Lucullus
1610 1076 1676 1124 ab
1700 1074 1783 1136 eis,
1810 1075 1896 1138 qui

241 1169 271 1202 a
310 1168 489 1217 pecore
523 1152 628 1203 eius
663 1153 863 1217 depasci
897 1171 1038 1218 agros
1075 1154 1303 1218 publicos
1343 1155 1576 1216 dicerent,
1623 1157 1636 1180 ‘
1654 1171 1757 1204 non
1793 1158 1896 1205 est'

242 1233 403 1297 inquit
429 1236 441 1259 ‘
458 1234 651 1284 Luculli
674 1251 826 1298 pecus
850 1233 1003 1297 illud3
1044 1235 1212 1284 erratis
1229 1238 1240 1258 '
1257 1237 1608 1296 3—-defendere
1632 1237 1896 1286 Lucullum

242 1314 689 1379 videbatur—‘ego
735 1314 945 1366 liberum
988 1326 1113 1380 puto
1153 1333 1291 1366 esse:
1342 1333 1442 1381 qua
1486 1316 1608 1366 libet
1651 1317 1898 1381 pascitur!

141 1407 215 1458 285
243 1398 410 1446 Placet
446 1396 594 1446 etiam
628 1396 750 1445 mihi
784 1397 908 1446 illud
935 1396 1177 1463 Scipionis
1213 1396 1354 1458 illius,
1382 1396 1468 1461 qui
1503 1397 1579 1446 Ti.
1616 1398 1897 1448 Gracchum
1922 1411 1970 1455 15

241 1477 447 1540 perculit
469 1495 480 1526 :
515 1493 631 1526 cum
655 1477 700 1526 ei
726 1479 797 1526 M.
827 1479 1031 1529 Flaccus
1063 1477 1231 1528 multis
1253 1478 1446 1542 probris
1471 1477 1678 1528 obiectis
1703 1480 1756 1528 P.
1786 1481 1901 1529 Mu-

241 1557 373 1607 cium
410 1558 626 1608 iudicem
662 1557 885 1621 tulisset3
923 1563 935 1584 ‘
955 1558 1116 1620 eiero,'
1144 1558 1306 1624 inquit
1343 1557 1571 1622 ‘iniquus
1607 1560 1712 1608 est'
1730 1575 1746 1620 3
1779 1576 1896 1610 cum

242 1647 371 1688 esset
388 1640 824 1699 admurmuratum‚
847 1641 967 1702 ‘ah,’
991 1639 1153 1705 inquit
1179 1643 1191 1666 ‘
1208 1643 1260 1689 P.
1285 1640 1359 1700 C.,
1379 1655 1483 1689 non
1500 1656 1592 1704 ego
1614 1638 1738 1688 mihi
1755 1638 1895 1690 illum

241 1719 466 1784 iniquum
491 1721 635 1782 eiero,
662 1737 831 1769 verum
862 1720 1127 1770 omnibus.’
1194 1721 1275 1771 Ab
1301 1722 1399 1770 hoc
1429 1737 1544 1770 vero
1570 1721 1750 1772 Crasso
1771 1720 1896 1771 nihil

240 1797 445 1847 facetius
469 1817 478 1847 :
514 1814 628 1847 eum
653 1798 873 1848 laesisset
895 1798 1030 1848 testis
1049 1797 1177 1849 Silus
1202 1798 1449 1860 Pisonem,
1471 1799 1608 1862 quod
1627 1814 1680 1848 se
1703 1797 1755 1847 in
1779 1815 1894 1848 eum
1918 1817 1971 1847 πο

239 1876 438 1928 audisse
472 1878 684 1939 dixisset,
724 1881 912 1943 ‘potest
947 1878 1079 1939 fieri,'
1115 1879 1275 1942 inquit
1313 1877 1453 1939 ‘Sile,
1493 1887 1547 1928 ut
1581 1878 1636 1940 is,
1674 1880 1810 1929 unde
1845 1887 1895 1929 te

238 1958 436 2008 audisse
460 1958 596 2019 dicis,
621 1959 771 2009 iratus
805 1958 1010 2008 dixerit?
1076 1958 1266 2009 Adnuit
1291 1957 1431 2008 Silus,
1508 1962 1520 1984 ‘
1535 1960 1705 2008 Potest
1729 1958 1893 2020 etiam,

240 2048 294 2089 ut
318 2049 373 2089 tu
397 2057 500 2090 non
523 2049 653 2089 recte
676 2039 1001 2090 intellexeris.'
1067 2042 1132 2089 Id
1164 2056 1364 2104 quoque
1388 2049 1494 2090 toto
1518 2039 1678 2105 capite
1702 2040 1890 2101 adnuit,

241 2131 295 2170 ut
319 2138 372 2172 se
396 2123 574 2172 Crasso
598 2124 747 2172 daret.
825 2128 836 2148 ‘
853 2126 1023 2172 Potest
1046 2121 1192 2172 etiam
1221 2122 1355 2184 fieri,'
1378 2122 1539 2187 inquit
1566 2125 1646 2171 ‘ut
1670 2122 1890 2183 omnino,

241 2204 379 2266 quod
403 2212 450 2252 te
473 2203 671 2254 audisse
693 2202 832 2265 dicis,
857 2219 1130 2268 numquam
1158 2201 1400 2254 audieriS.'
1471 2205 1589 2252 Hoc
1612 2200 1679 2253 ita
1701 2211 1893 2268 praeter
1917 2221 1968 2263 25

240 2285 655 2348 exspectationem
693 2285 888 2346 accidit,
925 2295 980 2335 ut
1013 2294 1189 2335 testem
1226 2285 1449 2335 omnium
1483 2283 1608 2335 risus
1649 2285 1894 2335 obrueret.

241 2366 407 2415 Huius
430 2367 622 2430 generis
652 2377 726 2418 est
754 2369 929 2432 plenus
965 2367 1170 2428 Novius,
1197 2366 1336 2416 cuius
1373 2366 1512 2416 iocus
1547 2375 1621 2417 est
1644 2366 1893 2418 familiaris

161 2423 217 2474 71
244 2447 462 2511 ‘sapiens
491 2446 531 2496 si
558 2447 758 2511 algebiS,
785 2452 989 2498 tremes'
1025 2457 1074 2498 et
1105 2449 1200 2498 alia
1234 2451 1490 2513 permulta.
1563 2450 1721 2513 Saepe
1744 2448 1893 2498 etiam

135 2488 215 2529 ²86
237 2529 392 2578 facete
416 2531 662 2578 concedas
686 2529 961 2580 adversario
986 2529 1037 2579 id
1068 2530 1245 2594 ipsum,
1273 2532 1409 2594 quod
1434 2529 1523 2579 tibi
1546 2529 1628 2579 ille
1651 2529 1863 2580 detrahit
1877 2547 1893 2592 ;

289 2658 342 2697 M
359 2679 393 2693 =
415 2659 468 2699 H
626 2661 653 2698 6
682 2660 728 2700 C.
753 2673 836 2700 om.
860 2659 974 2700 Hme
1115 2673 1137 2710 7
1167 2665 1311 2711 potest
1329 2658 1445 2700 Hme
1583 2673 1633 2700 10
1659 2658 1730 2701 vel
1749 2658 1891 2701 codd.t

234 2719 281 2753 ut
299 2712 336 2751 L
499 2727 542 2752 11
576 2720 839 2763 premeretur
857 2713 916 2752 Le
1048 2714 1234 2753 Lucilius
1252 2713 1363 2754 codd.
1381 2715 1496 2766 plur.
1674 2715 1722 2754 16
1750 2719 1891 2765 pertu—

234 2766 281 2806 lit
310 2768 403 2806 Hm
568 2769 749 2807 Crassus
776 2768 871 2807 Hm
1068 2781 1115 2822 {7
1145 2781 1248 2808 uero
1275 2769 1414 2809 Hem:
1459 2768 1578 2808 euiro
1604 2767 1731 2808 P0²:
1771 2769 1891 2808 eiuro

237 2820 276 2858 O
295 2835 383 2861 rece.
548 2823 596 2860 18
617 2822 729 2861 illurn
751 2835 832 2862 om.
852 2822 947 2862 Hm
1117 2835 1166 2871 19
1185 2823 1330 2862 einero
1344 2822 1415 2862 H:
1444 2822 1540 2861 euio
1555 2835 1600 2862 m
1737 2822 1891 2863 Crasse

233 2875 302 2914 He
409 2888 462 2914 20
492 2875 622 2915 Sillus
640 2875 733 2914 Hm
871 2889 919 2914 21
953 2875 1044 2915 fieri
1065 2888 1148 2916 om.
1173 2876 1268 2915 Hm
1396 2876 1467 2915 ille
1485 2876 1581 2915 Hm
1689 2878 1743 2915 26
1771 2875 1889 2915 testi-

234 2928 418 2968 monium
439 2930 547 2968 risus
569 2930 758 2969 obruerit
789 2930 882 2969 Hm
1047 2942 1097 2978 27
1127 2935 1195 2968 est
1218 2929 1371 2980 plenus
1399 2932 1424 2969 I
1435 2945 1454 2969 ε
1474 2928 1622 2979 Sorof:
1652 2934 1696 2968 et
1720 2928 1888 2980 plenius

233 2982 326 3021 Hm
436 2985 554 3022 cuius
575 2986 692 3023 iocus
713 2989 778 3023 est
798 2983 945 3033 Sorof:
976 2989 1042 3023 est
1060 2984 1177 3023 locus
1198 2988 1265 3022 est
1284 2983 1346 3018 L=
1376 2989 1420 3022 et
1439 2983 1557 3022 locus
1575 2988 1643 3023 est
1660 2997 1680 3022 ε
