2150 3444
210 160 268 197 10
292 158 344 206 38
822 147 894 194 M.
931 145 1142 199 TVLLI
1179 143 1561 194 CICERONIS

369 298 514 331 usum
537 280 878 331 necessarium.
952 281 1083 329 Nam
1118 281 1324 327 alterum
1358 277 1563 328 traditur
1585 277 1755 328 litteris
1779 276 2020 329 doctrina-

369 380 467 428 que
497 363 681 427 puerili,
720 364 926 411 alterum
957 360 1220 410 adhibetur
1254 360 1321 408 ob
1357 375 1466 408 eam
1502 375 1714 419 causam,
1746 367 1809 408 ut·
1833 358 2020 408 intelle-

367 453 505 508 gatur
542 443 662 506 quid
704 442 912 506 quisque
957 440 1103 499 dicat,
1144 441 1280 503 quod
1321 439 1544 489 videmus
1591 438 1659 488 ita
1704 456 1811 489 esse
1855 455 2021 489 neces-

292 538 344 582 39
367 524 559 583 sarium,
599 532 652 572 ut
688 532 853 571 tamen
890 538 950 570 eo
985 521 1148 570 minus
1183 520 1305 569 nihil
1341 537 1448 569 esse
1484 519 1651 584 possit.
1724 521 1822 570 Sed
1859 518 2021 569 omnis

365 603 602 667 loquendi
630 602 882 665 elegantia,
909 618 1210 665 quamquam
1242 601 1482 664 expolitur
1505 599 1710 650 scientia
1735 600 2017 660 litterarum,
2044 611 2069 654 5

366 693 532 733 tamen
555 692 757 747 augetur
784 682 1004 746 legendis
1037 682 1309 732 oratoribus
1342 691 1391 732 et
1421 681 1611 746 poeti53
1657 689 1772 730 sunt
1795 679 1928 730 enim
1951 678 2022 728 illi

367 773 566 825 veteres,
610 764 695 828 qui
741 780 914 814 ornare
959 765 1184 813 nondum
1224 769 1456 829 'poterant
1495 780 1571 825 ea,
1608 778 1735 826 quae
1772 761 2018 821 dicebant,

366 861 539 895 omnes
563 861 715 909 prope
747 846 993 907 praeclare
1027 844 1178 893 locuti
1198 861 1214 906 ς
1258 860 1468 908 quorum
1500 860 1727 893 sermone
1750 840 2024 892 adsuefacti

366 925 629 989 quierunt,
656 942 719 974 ne
753 924 1007 988 cupientes
1042 925 1245 988 quidem
1279 933 1511 989 poterunt
1542 923 1680 988 loqui
1711 923 1806 973 nisi
1830 922 2018 972 Latine.

369 1007 547 1068 Neque
593 1014 757 1054 tamen
805 1004 895 1054 erit
939 1006 1182 1054 utendum
1217 1004 1377 1054 verbis
1417 1004 1500 1064 eis,
1544 1004 1725 1068 quibus
1771 1002 1870 1052 iam
1907 1019 2021 1052 con·
2046 1020 2097 1050 ια

369 1087 579 1135 suetudo
602 1094 768 1134 nostra
791 1102 893 1135 non
916 1085 1080 1146 utitur,
1108 1085 1201 1135 nisi
1225 1087 1427 1149 quando
1457 1085 1667 1135 ornandi
1689 1101 1838 1134 causa
1858 1100 2018 1148 parce,

369 1167 506 1229 quod
540 1168 832 1228 ostendam3
878 1168 968 1216 sed
1002 1165 1190 1216 usitatis
1225 1165 1294 1215 ita
1326 1166 1506 1230 poterit
1538 1165 1624 1226 uti,
1657 1163 1933 1214 lectissimis
1968 1172 2024 1212 ut

370 1254 545 1306 utatur,
572 1246 626 1307 is,
653 1246 738 1310 qui
770 1246 822 1295 in
846 1246 1091 1296 veteribus
1127 1246 1216 1296 erit
1249 1245 1439 1310 scriptis
1474 1245 1693 1296 studiose
1727 1254 1777 1295 et
1811 1245 2023 1294 multum

370 1328 627 1376 volutatus.
701 1330 883 1390 Atque,
919 1336 973 1376 ut
1005 1327 1180 1377 Latine
1213 1329 1487 1390 loquamur,
1524 1343 1627 1376 non
1661 1328 1823 1376 solum
1857 1325 2024 1375 viden-

369 1408 490 1456 dum
519 1415 604 1467 est,
636 1416 690 1456 ut
722 1417 771 1457 et
802 1409 950 1457 verba
984 1409 1241 1457 efferamus
1277 1425 1347 1467 ea,
1382 1424 1510 1471 quae
1543 1423 1693 1456 nemo
1726 1406 1832 1456 iure
1865 1422 2023 1470 repre-
2046 1424 2095 1466 15

367 1487 569 1548 hendat,
606 1496 655 1536 et
694 1505 754 1537 ea
790 1488 860 1537 sic
900 1497 949 1537 et
995 1488 1189 1537 casibus
1235 1497 1285 1537 et
1330 1486 1633 1551 temporibus
1673 1495 1723 1536 et
1757 1503 1936 1550 genere
1971 1494 2022 1536 et

367 1582 573 1616 numero
597 1583 958 1628 conservemuS,
985 1577 1039 1617 ut
1063 1584 1127 1617 ne
1151 1567 1272 1632 quid
1296 1568 1632 1632 perturbatum
1656 1583 1715 1616 ac
1737 1566 2021 1631 discrepans

365 1655 450 1696 aut
479 1657 845 1712 praeposterum
881 1649 954 1708 sit,
987 1650 1075 1698 sed
1110 1648 1259 1698 etiam
1293 1648 1459 1711 lingua
1491 1656 1542 1697 et
1576 1647 1772 1711 spiritus
1805 1655 1856 1696 et
1885 1645 2022 1696 vocis

292 1743 343 1785 41
367 1744 516 1777 sonus
540 1737 614 1778 est
637 1728 742 1792 ipse
764 1730 1110 1778 moderandus.
1183 1730 1317 1778 Nolo
1349 1727 1554 1792 exprimi
1581 1727 1762 1776 litteras
1785 1726 2018 1792 putidius,

366 1810 483 1858 nolo
512 1809 759 1858 obscurari
791 1809 1126 1873 neglegentius
1146 1827 1161 1871 3
1206 1812 1325 1859 nolo
1348 1809 1497 1859 verba
1530 1807 1716 1858 exiliter
1746 1807 2022 1858 exanimata
2043 1825 2095 1855 20

365 1888 507 1948 exire,
535 1891 652 1939 nolo
676 1889 843 1939 inflata
867 1899 916 1939 et
947 1890 1087 1953 quasi
1118 1891 1347 1939 anhelata
1377 1888 1581 1953 gravius.
1654 1890 1786 1938 Nam
1809 1889 1875 1938 de
1897 1905 2020 1938 voce

364 1970 589 2019 nondum
625 1986 682 2018 ea
717 1969 844 2028 dico,
883 1986 1010 2033 quae
1046 1978 1161 2018 sunt
1194 1969 1414 2029 actioniS‚
1453 1971 1541 2019 sed
1577 1969 1687 2028 hoe,
1726 1969 1863 2032 quod
1896 1967 2019 2017 mihi

364 2065 479 2098 cum
515 2066 741 2099 sermone
775 2050 916 2113 quasi
951 2050 1272 2099 coniunctum
1300 2050 1523 2100 videtur:
1571 2058 1686 2099 sunt
1719 2048 1852 2098 enim
1886 2057 2020 2099 certa

364 2129 493 2189 vitia,
520 2146 647 2193 quae
682 2147 831 2181 nemo
866 2139 940 2180 est
974 2131 1095 2194 quin
1131 2132 1342 2194 effugere
1376 2130 1574 2194 cupiat3
1619 2129 1782 2179 mollis
1805 2145 1900 2179 vox
1931 2138 2018 2179 aut

364 2210 614 2260 muliebris
653 2220 739 2260 aut
778 2211 918 2275 quasi
964 2220 1097 2261 extra
1133 2213 1339 2262 modum
1379 2211 1569 2260 absona
1602 2219 1752 2274 atque
1787 2210 2013 2261 absurda.
2041 2212 2090 2268 ²5

288 2309 340 2352 42
366 2294 456 2341 Est
478 2299 643 2341 autem
662 2291 847 2351 vitium,
867 2295 1015 2360 quoda
1028 2310 1130 2342 non
1155 2292 1276 2341 nulli
1300 2294 1364 2342 de
1387 2291 1628 2342 industria
1649 2299 1994 2341 consectantur
2004 2309 2022 2340 ς.
2096 2301 2098 2303 ’

363 2372 542 2422 rustica
565 2389 659 2423 vox
682 2382 731 2423 et
754 2374 953 2437 agrestis
978 2375 1222 2438 quosdam
1253 2364 1479 2434 delectat,
1505 2389 1607 2437 quo
1635 2371 1788 2436 magis
1811 2371 2019 2436 antiqui-

362 2461 526 2514 tatem,
554 2453 594 2503 si
618 2454 685 2503 ita
709 2464 862 2514 sonet,
891 2471 1061 2504 eorum
1086 2471 1248 2505 sermo
1279 2454 1486 2504 retinere
1508 2454 1731 2504 videatur
1747 2471 1763 2515 ;
1807 2461 1863 2503 ut
1885 2461 2012 2514 tuuS‚

361 2535 550 2594 Catule,
594 2534 788 2595 sodaliS,
830 2538 885 2584 L.
931 2538 1092 2596 Cotta,
1132 2538 1346 2600 gaudere
1391 2534 1513 2585 mihi
1552 2535 1745 2585 videtur
1782 2533 2015 2598 gravitate

358 2614 552 2679 linguae
594 2632 818 2679 sonoque
853 2616 987 2666 vocis
1027 2616 1204 2680 agresti
1238 2625 1287 2666 et
1321 2616 1457 2676 illud,
1492 2617 1629 2680 quod
1663 2615 1891 2679 loquitur,
1921 2613 2013 2679 pri-
2033 2626 2090 2677 30,

357 2712 496 2745 scum
514 2696 673 2746 visum
697 2696 753 2745 iri
777 2706 929 2760 putat,
951 2697 991 2746 si
1014 2699 1162 2762 plane
1188 2697 1332 2747 fuerit
1355 2696 1668 2747 rusticanum.
1736 2698 1824 2746 Me
1845 2703 2013 2745 autem

357 2784 469 2826 tuus
516 2794 666 2827 sonus
713 2787 763 2827 et
809 2778 1051 2828 subtilitas
1097 2779 1189 2828 ista
1239 2780 1468 2835 delectat,
1513 2777 1690 2828 omitto
1733 2777 2013 2835 verborum,

356 2873 657 2922 quamquam
682 2867 755 2908 est
779 2868 925 2923 caput
941 2877 955 2921 3
990 2876 1160 2909 verum
1183 2859 1236 2909 id
1260 2861 1417 2909 adfert
1439 2858 1575 2917 rati0,
1602 2860 1785 2908 docent
1806 2856 2009 2915 litterae,

303 1309 350 1344 11

293 1384 347 1423 40

585 2998 639 3024 20
667 2986 852 3026 animata
870 2987 1039 3027 Ernesti
1198 2999 1251 3036 24
1279 2987 1382 3036 quin
1401 2986 1511 3038 vulg.
1530 2999 1540 3026 ι
1569 2985 1641 3036 qui
1661 2983 1772 3025 codd.
