2150 3444
768 127 864 175 DE
900 125 1242 176 ORATORE
1315 128 1368 175 11
1927 128 1994 178 82
2013 142 2092 190 337

237 265 434 318 lustrius
452 282 561 316 esse
578 264 923 316 adhibendum
941 263 1135 314 videtur
1151 281 1165 325 3
1201 262 1513 327 maximaque
1538 280 1648 327 pars
1668 264 1902 315 orationis

234 349 551 398 admovenda
591 355 666 397 est
705 348 772 397 ad
812 345 1093 396 animorum
1140 353 1306 394 motus
1353 361 1455 394 non
1503 361 1777 408 numquam
1818 355 1904 395 aut

234 427 578 478 cohortatione
612 436 698 477 aut
733 425 1207 476 commemoratione
1241 424 1409 488 aliqua
1441 433 1527 473 aut
1558 424 1610 473 in
1646 441 1786 489 spem
1818 435 1904 475 aut

234 508 287 559 in
311 518 503 560 metum
534 519 620 559 aut
648 510 714 559 ad
742 507 1066 572 cupiditatem
1101 515 1187 556 aut
1218 507 1283 556 ad
1318 505 1524 570 gloriam
1562 505 1901 567 concitandos,

185 605 210 648 5
236 608 385 657 saepe
425 592 576 643 etiam
616 609 647 642 a
686 590 973 651 temeritate,
1016 590 1282 650 iracundia,
1329 606 1430 654 spe,
1471 589 1661 651 iniuria,
1703 590 1900 652 invidia,
1927 637 1957 686 8

235 674 526 725 crudelitate
561 674 880 724 revocandos.
954 671 1035 721 Fit
1061 681 1229 721 autem
1267 680 1335 732 ut,
1364 671 1482 735 quia
1517 673 1731 722 maxima
1762 673 1902 737 quasi
1927 651 2006 767 358

234 754 440 804 oratoris
475 770 657 804 scaena
690 753 915 803 videatur
950 751 1196 802 contionis
1233 769 1353 813 esse,
1382 762 1556 803 natura
1590 753 1698 818 ipsa
1731 756 1796 804 ad
1832 771 1904 804 or-

232 835 396 886 natius
420 835 623 886 dicendi
647 851 803 899 genus
828 833 1128 896 excitemur3
1164 834 1316 884 habet
1345 834 1479 884 enim
1509 835 1779 886 multitudo
1803 836 1903 887 vim

231 917 487 980 quandam
528 918 694 977 talem,
732 925 801 977 ut,
839 933 990 980 quem
1031 917 1096 965 ad
1138 917 1346 966 modum
1395 915 1579 966 tibicen
1622 917 1729 966 sine
1771 917 1903 967 tibiis

158 1010 211 1043 ιο
231 1013 422 1059 canere,
455 997 527 1048 sic
562 1007 727 1048 orator
761 997 868 1047 sine
901 996 1221 1047 multitudine
1257 996 1493 1047 audiente
1526 1000 1765 1062 eloquens
1796 1015 1904 1049 esse

231 1094 334 1129 non
368 1078 538 1144 possit.
612 1081 679 1128 Et
711 1095 826 1128 cum
859 1077 957 1127 sint
991 1079 1254 1142 populares
1291 1078 1433 1127 multi
1465 1078 1684 1143 variique
1718 1081 1899 1144 lapsus,
1928 1099 2006 1144 339

229 1159 433 1211 vitanda
478 1169 553 1211 est
588 1159 881 1210 acclamatio
917 1160 1123 1210 adversa
1160 1158 1344 1224 populi,
1380 1176 1508 1223 quae
1546 1170 1630 1209 aut
1668 1161 1903 1211 orationis

229 1250 440 1310 peccato
460 1241 631 1306 aliquo
662 1241 914 1301 excitatur,
941 1240 1198 1311 si‘aspere,
1227 1240 1267 1290 si
1290 1250 1583 1305 arroganter,
1613 1241 1654 1291 si
1682 1241 1900 1306 turpiter,

229 1321 271 1371 si
307 1322 522 1383 sordide,
549 1322 591 1372 si
622 1338 726 1386 quo
759 1320 913 1370 animi
941 1320 1062 1371 vitio
1098 1321 1289 1370 dictum
1325 1338 1433 1371 esse
1468 1322 1658 1386 aliquid
1692 1322 1900 1384 videtur,

157 1417 206 1463 15
228 1411 317 1453 aut
340 1403 603 1454 hominum
635 1403 910 1453 offensione
942 1404 1020 1452 vel
1052 1401 1252 1463 invidia,
1281 1419 1409 1466 quae
1436 1411 1522 1452 aut
1553 1402 1681 1453 iusta
1712 1413 1787 1454 est
1817 1413 1903 1453 aut

229 1502 290 1536 ex
322 1485 668 1536 criminatione
701 1495 852 1550 atque
883 1487 1028 1547 fama,
1054 1495 1140 1535 aut
1175 1502 1251 1535 res
1287 1484 1327 1535 si
1363 1485 1604 1549 displicet,
1631 1495 1717 1536 aut
1752 1486 1792 1536 si
1828 1496 1903 1536 est

228 1565 281 1616 in
312 1567 482 1632 aliquo
513 1576 655 1617 motu
686 1583 805 1616 suae
837 1565 1122 1630 cupiditatis
1145 1575 1230 1615 aut
1255 1574 1417 1615 metus
1447 1566 1728 1616 multitudo.
1803 1567 1901 1616 His

229 1657 464 1712 quattuor
486 1648 647 1698 causis
675 1648 885 1698 totidem
915 1646 1193 1697 medicinae
1218 1656 1568 1712 opponuntur:
1605 1656 1711 1697 tum
1741 1648 1902 1698 obiur-

227 1729 374 1794 gatio,
403 1730 446 1780 si
476 1739 551 1780 est
584 1729 880 1790 auctoritas;
920 1738 1027 1778 tum
1062 1729 1340 1779 admonitio
1373 1729 1514 1793 quasi
1550 1729 1706 1778 lenior
1741 1729 1902 1779 obiur-

155 1827 209 1857 20
227 1811 362 1876 gatio
377 1830 392 1874 3
426 1820 535 1861 tum
566 1799 842 1876 promissio,
870 1810 911 1859 si
942 1809 1202 1871 audierint,
1230 1811 1555 1874 probaturos;
1590 1819 1697 1859 tum
1730 1811 1901 1874 depre-

227 1893 371 1955 catio,
398 1895 538 1958 quod
569 1903 644 1944 est
678 1894 943 1955 infirmum,
971 1895 1060 1944 sed
1093 1911 1196 1943 non
1229 1911 1505 1959 numquam
1538 1895 1670 1945 utile.
1744 1897 1899 1946 Nullo
1923 1912 2004 1955 340

224 1983 394 2026 autem
417 1978 532 2026 loco
549 1978 662 2041 plus
684 1976 891 2025 facetiae
915 1985 1122 2040 prosunt
1141 1985 1190 2026 et
1214 1976 1436 2026 celeritas
1455 1986 1504 2025 et
1523 1976 1671 2027 breve
1694 1976 1899 2042 aliquod

225 2055 418 2108 dictum
449 2074 545 2108 nec
579 2057 687 2108 sine
717 2057 958 2122 dignitate
990 2067 1039 2108 et
1074 2075 1190 2107 cum
1226 2060 1425 2122 lepore3
1474 2058 1596 2107 nihil
1629 2058 1763 2108 enim
1796 2067 1898 2108 tam

226 2139 371 2190 facile
414 2157 568 2205 quam
614 2140 882 2190 multitudo
919 2157 950 2189 a
990 2139 1183 2189 tristitia
1229 2149 1279 2190 et
1325 2157 1474 2205 saepe
1519 2141 1584 2190 ab
1629 2140 1898 2191 acerbitate

152 2240 204 2283 ²5
226 2223 494 2272 commode
528 2230 579 2272 et
612 2220 824 2271 breviter
857 2230 907 2271 et
941 2230 1086 2271 acute
1121 2230 1170 2271 et
1205 2220 1358 2270 hilare
1394 2221 1530 2271 dicto
1565 2221 1839 2276 deducitur.

294 2303 515 2368 Exposui
538 2305 652 2365 fere,
679 2311 734 2352 ut
756 2302 910 2367 potui,
937 2303 1078 2353 vobis
1102 2302 1154 2351 in
1179 2311 1390 2367 utroque
1421 2319 1601 2368 genere
1632 2320 1890 2353 causarum
1915 2309 1983 2370 84

223 2401 353 2449 quae
399 2384 540 2449 sequi
586 2386 809 2445 solerem,
851 2402 979 2449 quae
1025 2386 1205 2449 fugere,
1249 2401 1379 2449 quae
1425 2394 1647 2449 spectare
1694 2402 1892 2450 quaque

223 2465 432 2517 omnino
455 2466 507 2516 in
539 2466 700 2516 causis
729 2466 916 2518 ratione
942 2467 1134 2516 versari.
1209 2468 1258 2517 N
1261 2483 1318 2516 ec
1348 2466 1471 2516 illud
1501 2466 1698 2516 tertium
1727 2467 1894 2516 lauda·
1917 2481 1996 2523 341

224 2547 418 2598 tionum
440 2564 596 2613 genus
620 2556 695 2598 est
718 2547 930 2610 difficile,
953 2550 1091 2612 quod
1116 2565 1209 2612 ego
1233 2548 1375 2598 initio
1399 2547 1541 2613 quasi
1564 2565 1595 2598 a
1618 2548 1893 2613 praeceptis

149 2649 204 2691 30
224 2628 403 2680 nostris
421 2645 724 2680 secreveram
741 2648 754 2691 3
790 2631 879 2679 sed
898 2638 947 2679 et
962 2629 1078 2694 quia
1096 2632 1252 2680 multa
1270 2639 1387 2679 sunt
1410 2630 1690 2680 orationum
1713 2647 1894 2695 genera

276 2743 332 2784 M
347 2764 382 2779 =
403 2744 544 2785 AEH
666 2758 692 2795 3
721 2758 798 2796 spe
817 2744 894 2785 H:
923 2730 966 2784 in
987 2758 1066 2796 spe
1085 2746 1172 2785 AE
1288 2760 1312 2795 4
1342 2747 1386 2785 in
1407 2759 1488 2786 om.
1516 2745 1570 2784 M
1674 2751 1788 2786 metu
1807 2745 1898 2786 HE

221 2811 248 2850 5
276 2813 302 2839 a
321 2813 404 2840 om.
429 2798 483 2839 Μ
587 2801 738 2840 eritate
760 2799 836 2840 M:
864 2801 1046 2840 veritate
1066 2814 1086 2839 e
1213 2813 1236 2851 7
1263 2800 1435 2841 videtur
1455 2801 1596 2842 contio
1618 2813 1714 2841 esse
1733 2801 1898 2852 Kayser

223 2857 331 2904 (rece.
361 2867 443 2894 non
464 2854 577 2894 nulli
599 2854 764 2906 contio)
931 2855 957 2893 8
986 2855 1197 2895 excitetur
1219 2853 1257 2893 L
1278 2856 1393 2908 vulg.
1582 2868 1631 2905 14
1660 2855 1695 2895 si
1716 2869 1804 2906 quo
1833 2855 1891 2895 Ρι

220 2906 461 2948 Lambinus
478 2924 488 2949 t
518 2909 554 2949 si
569 2921 698 2959 quom
718 2907 793 2950 M:
823 2909 859 2948 si
879 2922 1052 2960 quoque
1073 2908 1110 2948 L
1131 2909 1243 2962 vulg.
1431 2923 1480 2950 21
1511 2910 1700 2949 infimum
1721 2909 1758 2948 L
1773 2911 1885 2963 vulg.

221 2977 275 3004 22
304 2964 358 3004 ad
378 2963 417 3003 b.
441 2962 513 3005 M:
545 2968 588 3003 et
609 2962 672 3004 L:
715 2975 764 3004 ac
783 2963 990 3004 Friedrich
1145 2977 1196 3012 24
1227 2977 1252 3004 a
1273 2963 1384 3005 mL:
1416 2966 1469 3003 ab
1509 2971 1537 3004 t.
1559 2963 1638 3004 H:
1666 2965 1889 3016 adAE32

221 3020 276 3059 28
304 3018 560 3058 laudationis
579 3018 637 3057 Ee
655 3031 709 3069 32
859 3032 915 3070 30
943 3025 1043 3059 sunt
1063 3018 1171 3059 codd.
1193 3033 1201 3060 :
1233 3025 1380 3059 essent
1399 3019 1548 3060 Pearce
