<?xml version="1.0" encoding="UTF-8"?>
<!DOCTYPE html PUBLIC "-//W3C//DTD XHTML 1.0 Transitional//EN"
    "http://www.w3.org/TR/xhtml1/DTD/xhtml1-transitional.dtd">
<html xmlns="http://www.w3.org/1999/xhtml" xml:lang="en" lang="en">
 <head>
  <title>
</title>
<meta http-equiv="Content-Type" content="text/html;charset=utf-8" />
  <meta name='ocr-system' content='tesseract 3.04.00' />
  <meta name='ocr-capabilities' content='ocr_page ocr_carea ocr_par ocr_line ocrx_word'/>
</head>
<body>
  <div class='ocr_page' id='page_1' title='image "./rhetoricarecogno01ciceuoft_0058.png"; bbox 0 0 2150 3444; ppageno 0'>
   <div class='ocr_carea' id='block_1_1' title="bbox 92 163 1477 230">
    <p class='ocr_par' dir='ltr' id='par_1_1' title="bbox 92 163 1477 230">
     <span class='ocr_line' id='line_1_1' title="bbox 92 163 1477 230; baseline -0.001 -14"><span class='ocrx_word' id='word_1_1' title='bbox 92 178 258 230; x_wconf 73' lang='lat'>3917?</span> <span class='ocrx_word' id='word_1_2' title='bbox 741 166 810 216; x_wconf 93' lang='lat' dir='ltr'><strong>M.</strong></span> <span class='ocrx_word' id='word_1_3' title='bbox 849 165 1058 216; x_wconf 90' lang='lat' dir='ltr'>TVLLI</span> <span class='ocrx_word' id='word_1_4' title='bbox 1096 163 1477 218; x_wconf 88' lang='lat' dir='ltr'>CICERONIS</span> 
     </span>
    </p>
   </div>
   <div class='ocr_carea' id='block_1_2' title="bbox 169 305 2006 2871">
    <p class='ocr_par' dir='ltr' id='par_1_2' title="bbox 169 305 2006 2871">
     <span class='ocr_line' id='line_1_2' title="bbox 279 305 1932 370; baseline 0.002 -16"><span class='ocrx_word' id='word_1_5' title='bbox 279 305 619 369; x_wconf 81' lang='lat' dir='ltr'>applicationis</span> <span class='ocrx_word' id='word_1_6' title='bbox 636 308 899 356; x_wconf 89' lang='lat' dir='ltr'><strong>obscurum</strong></span> <span class='ocrx_word' id='word_1_7' title='bbox 919 324 1036 356; x_wconf 89' lang='lat' dir='ltr'><strong>sane</strong></span> <span class='ocrx_word' id='word_1_8' title='bbox 1055 316 1103 356; x_wconf 92' lang='lat' dir='ltr'><strong>et</strong></span> <span class='ocrx_word' id='word_1_9' title='bbox 1122 306 1345 370; x_wconf 87' lang='lat' dir='ltr'><strong>ignotum</strong></span> <span class='ocrx_word' id='word_1_10' title='bbox 1363 307 1662 370; x_wconf 91' lang='lat' dir='ltr'><strong>patefactum</strong></span> <span class='ocrx_word' id='word_1_11' title='bbox 1671 306 1731 356; x_wconf 83' lang='lat' dir='ltr'><strong>-in</strong></span> <span class='ocrx_word' id='word_1_12' title='bbox 1747 306 1932 357; x_wconf 89' lang='lat' dir='ltr'><strong>iudicio</strong></span> 
     </span>
     <span class='ocr_line' id='line_1_3' title="bbox 179 387 1932 452; baseline 0.002 -17"><span class='ocrx_word' id='word_1_13' title='bbox 179 391 254 442; x_wconf 85' lang='lat'><strong>178</strong></span> <span class='ocrx_word' id='word_1_14' title='bbox 278 395 427 450; x_wconf 89' lang='lat' dir='ltr'><strong>atque</strong></span> <span class='ocrx_word' id='word_1_15' title='bbox 458 387 766 437; x_wconf 83' lang='lat' dir='ltr'><strong>inlustratum</strong></span> <span class='ocrx_word' id='word_1_16' title='bbox 796 397 869 438; x_wconf 89' lang='lat' dir='ltr'><strong>est</strong></span> <span class='ocrx_word' id='word_1_17' title='bbox 899 406 930 438; x_wconf 91' lang='lat' dir='ltr'><strong>a</strong></span> <span class='ocrx_word' id='word_1_18' title='bbox 959 390 1204 452; x_wconf 84' lang='lat' dir='ltr'><strong>patrono?</strong></span> <span class='ocrx_word' id='word_1_19' title='bbox 1274 387 1447 449; x_wconf 79' lang='lat' dir='ltr'><strong>Quid?</strong></span> <span class='ocrx_word' id='word_1_20' title='bbox 1493 404 1662 451; x_wconf 89' lang='lat' dir='ltr'>nuper,</span> <span class='ocrx_word' id='word_1_21' title='bbox 1693 405 1807 438; x_wconf 89' lang='lat' dir='ltr'><strong>cum</strong></span> <span class='ocrx_word' id='word_1_22' title='bbox 1838 404 1932 452; x_wconf 90' lang='lat' dir='ltr'><strong>ego</strong></span> 
     </span>
     <span class='ocr_line' id='line_1_4' title="bbox 279 467 1932 531; baseline 0.002 -14"><span class='ocrx_word' id='word_1_23' title='bbox 279 467 335 517; x_wconf 89' lang='lat' dir='ltr'><strong>C.</strong></span> <span class='ocrx_word' id='word_1_24' title='bbox 376 468 511 531; x_wconf 88' lang='lat' dir='ltr'>Sergi</span> <span class='ocrx_word' id='word_1_25' title='bbox 552 470 732 519; x_wconf 83' lang='lat' dir='ltr'>Oratae</span> <span class='ocrx_word' id='word_1_26' title='bbox 777 478 948 518; x_wconf 91' lang='lat' dir='ltr'><strong>contra</strong></span> <span class='ocrx_word' id='word_1_27' title='bbox 993 470 1127 518; x_wconf 94' lang='lat' dir='ltr'><strong>hunc</strong></span> <span class='ocrx_word' id='word_1_28' title='bbox 1172 478 1395 518; x_wconf 91' lang='lat' dir='ltr'><strong>nostrum</strong></span> <span class='ocrx_word' id='word_1_29' title='bbox 1433 468 1709 518; x_wconf 88' lang='lat' dir='ltr'><strong>Antonium</strong></span> <span class='ocrx_word' id='word_1_30' title='bbox 1747 468 1932 520; x_wconf 92' lang='lat' dir='ltr'><strong>iudicio</strong></span> 
     </span>
     <span class='ocr_line' id='line_1_5' title="bbox 277 547 1932 610; baseline 0.002 -15"><span class='ocrx_word' id='word_1_31' title='bbox 277 547 468 610; x_wconf 90' lang='lat' dir='ltr'><strong>privato</strong></span> <span class='ocrx_word' id='word_1_32' title='bbox 509 566 706 598; x_wconf 89' lang='lat' dir='ltr'><strong>causam</strong></span> <span class='ocrx_word' id='word_1_33' title='bbox 747 551 1079 610; x_wconf 81' lang='lat' dir='ltr'><strong>defenderem,</strong></span> <span class='ocrx_word' id='word_1_34' title='bbox 1119 566 1288 599; x_wconf 90' lang='lat' dir='ltr'><strong>nonne</strong></span> <span class='ocrx_word' id='word_1_35' title='bbox 1328 548 1491 599; x_wconf 91' lang='lat' dir='ltr'><strong>omnis</strong></span> <span class='ocrx_word' id='word_1_36' title='bbox 1531 558 1698 598; x_wconf 90' lang='lat' dir='ltr'><strong>nostra</strong></span> <span class='ocrx_word' id='word_1_37' title='bbox 1736 548 1788 599; x_wconf 90' lang='lat' dir='ltr'><strong>in</strong></span> <span class='ocrx_word' id='word_1_38' title='bbox 1827 548 1932 599; x_wconf 90' lang='lat' dir='ltr'><strong>iure</strong></span> 
     </span>
     <span class='ocr_line' id='line_1_6' title="bbox 278 629 1977 684; baseline 0.004 -7"><span class='ocrx_word' id='word_1_39' title='bbox 278 638 467 678; x_wconf 89' lang='lat' dir='ltr'><strong>versata</strong></span> <span class='ocrx_word' id='word_1_40' title='bbox 503 629 725 680; x_wconf 90' lang='lat' dir='ltr'><strong>defensio</strong></span> <span class='ocrx_word' id='word_1_41' title='bbox 762 633 871 680; x_wconf 87' lang='lat' dir='ltr'><strong>est?</strong></span> <span class='ocrx_word' id='word_1_42' title='bbox 940 632 1070 681; x_wconf 92' lang='lat' dir='ltr'><strong>Cum</strong></span> <span class='ocrx_word' id='word_1_43' title='bbox 1108 630 1241 680; x_wconf 90' lang='lat' dir='ltr'><strong>enim</strong></span> <span class='ocrx_word' id='word_1_44' title='bbox 1284 633 1355 679; x_wconf 89' lang='lat' dir='ltr'><strong>M.</strong></span> <span class='ocrx_word' id='word_1_45' title='bbox 1393 629 1580 680; x_wconf 90' lang='lat' dir='ltr'><strong>Marius</strong></span> <span class='ocrx_word' id='word_1_46' title='bbox 1617 629 1931 681; x_wconf 83' lang='lat' dir='ltr'><strong>Gratidianus</strong></span> <span class='ocrx_word' id='word_1_47' title='bbox 1955 643 1977 684; x_wconf 89' lang='lat'>5</span> 
     </span>
     <span class='ocr_line' id='line_1_7' title="bbox 277 710 1930 777; baseline 0.002 -19"><span class='ocrx_word' id='word_1_48' title='bbox 277 710 413 759; x_wconf 86' lang='lat' dir='ltr'><strong>aedis</strong></span> <span class='ocrx_word' id='word_1_49' title='bbox 462 712 642 761; x_wconf 87' lang='lat' dir='ltr'><strong>Oratae</strong></span> <span class='ocrx_word' id='word_1_50' title='bbox 686 711 988 761; x_wconf 88' lang='lat' dir='ltr'><strong>vendidisset</strong></span> <span class='ocrx_word' id='word_1_51' title='bbox 1034 729 1197 776; x_wconf 90' lang='lat' dir='ltr'><strong>neque</strong></span> <span class='ocrx_word' id='word_1_52' title='bbox 1243 711 1420 762; x_wconf 92' lang='lat' dir='ltr'><strong>servire</strong></span> <span class='ocrx_word' id='word_1_53' title='bbox 1465 713 1717 777; x_wconf 90' lang='lat' dir='ltr'><strong>quandam</strong></span> <span class='ocrx_word' id='word_1_54' title='bbox 1762 729 1930 762; x_wconf 89' lang='lat' dir='ltr'><strong>earum</strong></span> 
     </span>
     <span class='ocr_line' id='line_1_8' title="bbox 276 790 1928 856; baseline 0.002 -18"><span class='ocrx_word' id='word_1_55' title='bbox 276 790 476 839; x_wconf 89' lang='lat' dir='ltr'><strong>aedium</strong></span> <span class='ocrx_word' id='word_1_56' title='bbox 522 801 709 855; x_wconf 91' lang='lat' dir='ltr'><strong>partem</strong></span> <span class='ocrx_word' id='word_1_57' title='bbox 755 792 806 841; x_wconf 92' lang='lat' dir='ltr'><strong>in</strong></span> <span class='ocrx_word' id='word_1_58' title='bbox 852 792 1068 856; x_wconf 89' lang='lat' dir='ltr'><strong>mancipi</strong></span> <span class='ocrx_word' id='word_1_59' title='bbox 1114 794 1221 856; x_wconf 86' lang='lat' dir='ltr'><strong>lege</strong></span> <span class='ocrx_word' id='word_1_60' title='bbox 1267 792 1481 852; x_wconf 88' lang='lat' dir='ltr'><strong>dixisset,</strong></span> <span class='ocrx_word' id='word_1_61' title='bbox 1524 792 1928 854; x_wconf 87' lang='lat' dir='ltr'><strong>defendebamus,</strong></span> 
     </span>
     <span class='ocr_line' id='line_1_9' title="bbox 277 869 1932 935; baseline 0.002 -17"><span class='ocrx_word' id='word_1_62' title='bbox 277 869 515 934; x_wconf 90' lang='lat' dir='ltr'><strong>quicquid</strong></span> <span class='ocrx_word' id='word_1_63' title='bbox 560 871 730 921; x_wconf 91' lang='lat' dir='ltr'><strong>fuisset</strong></span> <span class='ocrx_word' id='word_1_64' title='bbox 775 871 1082 922; x_wconf 88' lang='lat' dir='ltr'><strong>incommodi</strong></span> <span class='ocrx_word' id='word_1_65' title='bbox 1129 872 1180 921; x_wconf 92' lang='lat' dir='ltr'><strong>in</strong></span> <span class='ocrx_word' id='word_1_66' title='bbox 1227 871 1490 935; x_wconf 90' lang='lat' dir='ltr'><strong>mancipio,</strong></span> <span class='ocrx_word' id='word_1_67' title='bbox 1532 871 1585 922; x_wconf 91' lang='lat' dir='ltr'><strong>id</strong></span> <span class='ocrx_word' id='word_1_68' title='bbox 1625 871 1666 922; x_wconf 89' lang='lat' dir='ltr'><strong>si</strong></span> <span class='ocrx_word' id='word_1_69' title='bbox 1705 872 1932 922; x_wconf 91' lang='lat' dir='ltr'><strong>venditor</strong></span> 
     </span>
     <span class='ocr_line' id='line_1_10' title="bbox 174 950 1928 1016; baseline 0.002 -18"><span class='ocrx_word' id='word_1_70' title='bbox 174 966 249 1011; x_wconf 80' lang='lat'><strong>179</strong></span> <span class='ocrx_word' id='word_1_71' title='bbox 274 950 445 1000; x_wconf 90' lang='lat' dir='ltr'><strong>scisset</strong></span> <span class='ocrx_word' id='word_1_72' title='bbox 468 969 630 1016; x_wconf 92' lang='lat' dir='ltr'><strong>neque</strong></span> <span class='ocrx_word' id='word_1_73' title='bbox 655 954 960 1013; x_wconf 90' lang='lat' dir='ltr'><strong>declarasset,</strong></span> <span class='ocrx_word' id='word_1_74' title='bbox 979 961 1222 1016; x_wconf 89' lang='lat' dir='ltr'><strong>praestare</strong></span> <span class='ocrx_word' id='word_1_75' title='bbox 1241 953 1434 1002; x_wconf 89' lang='lat' dir='ltr'><strong>debere.</strong></span> <span class='ocrx_word' id='word_1_76' title='bbox 1508 953 1626 1014; x_wconf 89' lang='lat' dir='ltr'><strong>Quo</strong></span> <span class='ocrx_word' id='word_1_77' title='bbox 1650 952 1853 1016; x_wconf 90' lang='lat' dir='ltr'><strong>quidem</strong></span> <span class='ocrx_word' id='word_1_78' title='bbox 1876 952 1928 1002; x_wconf 88' lang='lat' dir='ltr'><strong>in</strong></span> 
     </span>
     <span class='ocr_line' id='line_1_11' title="bbox 272 1033 2006 1097; baseline 0.001 -17"><span class='ocrx_word' id='word_1_79' title='bbox 272 1048 450 1095; x_wconf 89' lang='lat' dir='ltr'><strong>genere</strong></span> <span class='ocrx_word' id='word_1_80' title='bbox 490 1033 737 1083; x_wconf 91' lang='lat' dir='ltr'><strong>familiaris</strong></span> <span class='ocrx_word' id='word_1_81' title='bbox 778 1043 945 1083; x_wconf 89' lang='lat' dir='ltr'><strong>noster</strong></span> <span class='ocrx_word' id='word_1_82' title='bbox 984 1036 1053 1083; x_wconf 90' lang='lat' dir='ltr'><strong>M.</strong></span> <span class='ocrx_word' id='word_1_83' title='bbox 1097 1033 1376 1094; x_wconf 91' lang='lat' dir='ltr'><strong>Buculeius,</strong></span> <span class='ocrx_word' id='word_1_84' title='bbox 1419 1035 1575 1083; x_wconf 91' lang='lat' dir='ltr'><strong>homo</strong></span> <span class='ocrx_word' id='word_1_85' title='bbox 1614 1050 1779 1097; x_wconf 93' lang='lat' dir='ltr'><strong>neque</strong></span> <span class='ocrx_word' id='word_1_86' title='bbox 1814 1051 1928 1084; x_wconf 91' lang='lat' dir='ltr'><strong>meo</strong></span> <span class='ocrx_word' id='word_1_87' title='bbox 1955 1052 2006 1082; x_wconf 84' lang='grc' dir='ltr'><strong>ιο</strong></span> 
     </span>
     <span class='ocr_line' id='line_1_12' title="bbox 273 1111 1929 1178; baseline 0.002 -18"><span class='ocrx_word' id='word_1_88' title='bbox 273 1111 458 1161; x_wconf 89' lang='lat' dir='ltr'><strong>iudicio</strong></span> <span class='ocrx_word' id='word_1_89' title='bbox 493 1115 669 1162; x_wconf 91' lang='lat' dir='ltr'><strong>stultus</strong></span> <span class='ocrx_word' id='word_1_90' title='bbox 706 1122 754 1163; x_wconf 91' lang='lat' dir='ltr'><strong>et</strong></span> <span class='ocrx_word' id='word_1_91' title='bbox 790 1131 880 1163; x_wconf 93' lang='lat' dir='ltr'><strong>suo</strong></span> <span class='ocrx_word' id='word_1_92' title='bbox 915 1115 1059 1163; x_wconf 78' lang='lat' dir='ltr'><strong>valde</strong></span> <span class='ocrx_word' id='word_1_93' title='bbox 1088 1113 1282 1178; x_wconf 89' lang='lat' dir='ltr'><strong>sapiens</strong></span> <span class='ocrx_word' id='word_1_94' title='bbox 1312 1123 1361 1164; x_wconf 90' lang='lat' dir='ltr'><strong>et</strong></span> <span class='ocrx_word' id='word_1_95' title='bbox 1394 1114 1460 1163; x_wconf 94' lang='lat' dir='ltr'><strong>ab</strong></span> <span class='ocrx_word' id='word_1_96' title='bbox 1487 1112 1603 1163; x_wconf 90' lang='lat' dir='ltr'><strong>iuris</strong></span> <span class='ocrx_word' id='word_1_97' title='bbox 1633 1113 1798 1164; x_wconf 90' lang='lat' dir='ltr'><strong>studio</strong></span> <span class='ocrx_word' id='word_1_98' title='bbox 1826 1131 1929 1164; x_wconf 91' lang='lat' dir='ltr'><strong>non</strong></span> 
     </span>
     <span class='ocr_line' id='line_1_13' title="bbox 272 1193 1928 1261; baseline 0.002 -20"><span class='ocrx_word' id='word_1_99' title='bbox 272 1193 554 1255; x_wconf 91' lang='lat' dir='ltr'><strong>abhorrens,</strong></span> <span class='ocrx_word' id='word_1_100' title='bbox 583 1194 728 1244; x_wconf 90' lang='lat' dir='ltr'><strong>simili</strong></span> <span class='ocrx_word' id='word_1_101' title='bbox 755 1193 825 1261; x_wconf 90' lang='lat' dir='ltr'><strong>[in</strong></span> <span class='ocrx_word' id='word_1_102' title='bbox 855 1193 926 1261; x_wconf 93' lang='lat' dir='ltr'><strong>re]</strong></span> <span class='ocrx_word' id='word_1_103' title='bbox 953 1196 1171 1259; x_wconf 90' lang='lat' dir='ltr'><strong>quodam</strong></span> <span class='ocrx_word' id='word_1_104' title='bbox 1204 1196 1358 1245; x_wconf 91' lang='lat' dir='ltr'><strong>modo</strong></span> <span class='ocrx_word' id='word_1_105' title='bbox 1390 1212 1547 1259; x_wconf 91' lang='lat' dir='ltr'><strong>nuper</strong></span> <span class='ocrx_word' id='word_1_106' title='bbox 1575 1194 1777 1244; x_wconf 86' lang='lat' dir='ltr'><strong>erravit:</strong></span> <span class='ocrx_word' id='word_1_107' title='bbox 1812 1212 1928 1245; x_wconf 90' lang='lat' dir='ltr'><strong>nam</strong></span> 
     </span>
     <span class='ocr_line' id='line_1_14' title="bbox 272 1273 1928 1338; baseline 0.002 -16"><span class='ocrx_word' id='word_1_108' title='bbox 272 1290 386 1323; x_wconf 91' lang='lat' dir='ltr'><strong>cum</strong></span> <span class='ocrx_word' id='word_1_109' title='bbox 415 1275 551 1325; x_wconf 91' lang='lat' dir='ltr'><strong>aedis</strong></span> <span class='ocrx_word' id='word_1_110' title='bbox 588 1278 642 1325; x_wconf 92' lang='lat' dir='ltr'><strong>L.</strong></span> <span class='ocrx_word' id='word_1_111' title='bbox 672 1277 814 1326; x_wconf 89' lang='lat' dir='ltr'><strong>Fufio</strong></span> <span class='ocrx_word' id='word_1_112' title='bbox 843 1277 1090 1336; x_wconf 91' lang='lat' dir='ltr'><strong>venderet,</strong></span> <span class='ocrx_word' id='word_1_113' title='bbox 1121 1275 1172 1324; x_wconf 91' lang='lat' dir='ltr'><strong>in</strong></span> <span class='ocrx_word' id='word_1_114' title='bbox 1207 1274 1456 1338; x_wconf 92' lang='lat' dir='ltr'><strong>mancipio</strong></span> <span class='ocrx_word' id='word_1_115' title='bbox 1488 1274 1688 1335; x_wconf 89' lang='lat' dir='ltr'><strong>lumina,</strong></span> <span class='ocrx_word' id='word_1_116' title='bbox 1719 1273 1790 1325; x_wconf 92' lang='lat' dir='ltr'><strong>uti</strong></span> <span class='ocrx_word' id='word_1_117' title='bbox 1822 1283 1928 1330; x_wconf 90' lang='lat' dir='ltr'><strong>tum</strong></span> 
     </span>
     <span class='ocr_line' id='line_1_15' title="bbox 271 1355 1927 1421; baseline 0.002 -17"><span class='ocrx_word' id='word_1_118' title='bbox 271 1364 447 1416; x_wconf 90' lang='lat' dir='ltr'><strong>essent,</strong></span> <span class='ocrx_word' id='word_1_119' title='bbox 492 1356 559 1406; x_wconf 91' lang='lat' dir='ltr'><strong>ita</strong></span> <span class='ocrx_word' id='word_1_120' title='bbox 603 1356 786 1421; x_wconf 91' lang='lat' dir='ltr'><strong>recepit</strong></span> <span class='ocrx_word' id='word_1_121' title='bbox 803 1375 817 1418; x_wconf 80' lang='lat'><em>3</em></span> <span class='ocrx_word' id='word_1_122' title='bbox 865 1359 1033 1406; x_wconf 90' lang='lat' dir='ltr'><strong>Fufius</strong></span> <span class='ocrx_word' id='word_1_123' title='bbox 1074 1366 1254 1416; x_wconf 90' lang='lat' dir='ltr'><strong>autem,</strong></span> <span class='ocrx_word' id='word_1_124' title='bbox 1295 1356 1440 1405; x_wconf 91' lang='lat' dir='ltr'><strong>simul</strong></span> <span class='ocrx_word' id='word_1_125' title='bbox 1486 1365 1635 1420; x_wconf 87' lang='lat' dir='ltr'><strong>atque</strong></span> <span class='ocrx_word' id='word_1_126' title='bbox 1679 1355 1927 1410; x_wconf 82' lang='lat' dir='ltr'><strong>aedificari</strong></span> 
     </span>
     <span class='ocr_line' id='line_1_16' title="bbox 270 1435 2000 1501; baseline 0.001 -16"><span class='ocrx_word' id='word_1_127' title='bbox 270 1445 503 1500; x_wconf 90' lang='lat' dir='ltr'><strong>coeptum</strong></span> <span class='ocrx_word' id='word_1_128' title='bbox 542 1446 615 1486; x_wconf 91' lang='lat' dir='ltr'><strong>est</strong></span> <span class='ocrx_word' id='word_1_129' title='bbox 655 1437 706 1486; x_wconf 92' lang='lat' dir='ltr'><strong>in</strong></span> <span class='ocrx_word' id='word_1_130' title='bbox 748 1438 963 1501; x_wconf 89' lang='lat' dir='ltr'><strong>quadam</strong></span> <span class='ocrx_word' id='word_1_131' title='bbox 1003 1446 1139 1500; x_wconf 91' lang='lat' dir='ltr'><strong>parte</strong></span> <span class='ocrx_word' id='word_1_132' title='bbox 1177 1436 1324 1496; x_wconf 89' lang='lat' dir='ltr'><strong>urbis,</strong></span> <span class='ocrx_word' id='word_1_133' title='bbox 1366 1453 1492 1500; x_wconf 91' lang='lat' dir='ltr'><strong>quae</strong></span> <span class='ocrx_word' id='word_1_134' title='bbox 1539 1437 1692 1486; x_wconf 90' lang='lat' dir='ltr'><strong>modo</strong></span> <span class='ocrx_word' id='word_1_135' title='bbox 1733 1453 1792 1486; x_wconf 91' lang='lat' dir='ltr'><strong>ex</strong></span> <span class='ocrx_word' id='word_1_136' title='bbox 1831 1435 1925 1487; x_wconf 90' lang='lat' dir='ltr'><strong>illis</strong></span> <span class='ocrx_word' id='word_1_137' title='bbox 1951 1457 2000 1499; x_wconf 84' lang='lat'><strong>15</strong></span> 
     </span>
     <span class='ocr_line' id='line_1_17' title="bbox 269 1515 1925 1581; baseline 0.001 -16"><span class='ocrx_word' id='word_1_138' title='bbox 269 1516 476 1566; x_wconf 91' lang='lat' dir='ltr'><strong>aedibus</strong></span> <span class='ocrx_word' id='word_1_139' title='bbox 515 1517 735 1581; x_wconf 92' lang='lat' dir='ltr'><strong>conspici</strong></span> <span class='ocrx_word' id='word_1_140' title='bbox 773 1526 952 1581; x_wconf 90' lang='lat' dir='ltr'><strong>posset,</strong></span> <span class='ocrx_word' id='word_1_141' title='bbox 993 1516 1090 1580; x_wconf 87' lang='lat' dir='ltr'><strong>egit</strong></span> <span class='ocrx_word' id='word_1_142' title='bbox 1124 1516 1287 1566; x_wconf 91' lang='lat' dir='ltr'><strong>statim</strong></span> <span class='ocrx_word' id='word_1_143' title='bbox 1326 1533 1440 1565; x_wconf 93' lang='lat' dir='ltr'><strong>cum</strong></span> <span class='ocrx_word' id='word_1_144' title='bbox 1482 1515 1736 1577; x_wconf 89' lang='lat' dir='ltr'><strong>Buculeio,</strong></span> <span class='ocrx_word' id='word_1_145' title='bbox 1773 1518 1925 1581; x_wconf 90' lang='lat' dir='ltr'><strong>quod,</strong></span> 
     </span>
     <span class='ocr_line' id='line_1_18' title="bbox 270 1596 1926 1662; baseline 0 -16"><span class='ocrx_word' id='word_1_146' title='bbox 270 1597 565 1662; x_wconf 91' lang='lat' dir='ltr'><strong>cuicumque</strong></span> <span class='ocrx_word' id='word_1_147' title='bbox 589 1598 855 1662; x_wconf 91' lang='lat' dir='ltr'><strong>particulae</strong></span> <span class='ocrx_word' id='word_1_148' title='bbox 879 1597 1002 1647; x_wconf 89' lang='lat' dir='ltr'><strong>caeli</strong></span> <span class='ocrx_word' id='word_1_149' title='bbox 1027 1598 1312 1657; x_wconf 88' lang='lat' dir='ltr'><strong>officeretur‚</strong></span> <span class='ocrx_word' id='word_1_150' title='bbox 1341 1596 1564 1661; x_wconf 90' lang='lat' dir='ltr'><strong>quamvis</strong></span> <span class='ocrx_word' id='word_1_151' title='bbox 1589 1606 1717 1647; x_wconf 91' lang='lat' dir='ltr'><strong>esset</strong></span> <span class='ocrx_word' id='word_1_152' title='bbox 1740 1599 1926 1661; x_wconf 90' lang='lat' dir='ltr'><strong>procul,</strong></span> 
     </span>
     <span class='ocr_line' id='line_1_19' title="bbox 169 1677 1928 1743; baseline 0 -16"><span class='ocrx_word' id='word_1_153' title='bbox 169 1688 245 1728; x_wconf 92' lang='lat'><strong>180</strong></span> <span class='ocrx_word' id='word_1_154' title='bbox 270 1679 446 1728; x_wconf 90' lang='lat' dir='ltr'><strong>mutari</strong></span> <span class='ocrx_word' id='word_1_155' title='bbox 492 1679 679 1729; x_wconf 90' lang='lat' dir='ltr'><strong>lumina</strong></span> <span class='ocrx_word' id='word_1_156' title='bbox 725 1680 941 1743; x_wconf 90' lang='lat' dir='ltr'><strong>putabat.</strong></span> <span class='ocrx_word' id='word_1_157' title='bbox 1017 1678 1154 1741; x_wconf 85' lang='lat' dir='ltr'><strong>Quid</strong></span> <span class='ocrx_word' id='word_1_158' title='bbox 1195 1680 1347 1728; x_wconf 88' lang='lat' dir='ltr'><strong>vero?</strong></span> <span class='ocrx_word' id='word_1_159' title='bbox 1395 1677 1662 1727; x_wconf 89' lang='lat' dir='ltr'><strong>clarissima</strong></span> <span class='ocrx_word' id='word_1_160' title='bbox 1704 1680 1788 1726; x_wconf 89' lang='lat' dir='ltr'><strong>M&#39;.</strong></span> <span class='ocrx_word' id='word_1_161' title='bbox 1809 1677 1928 1729; x_wconf 91' lang='lat' dir='ltr'><strong>Curi</strong></span> 
     </span>
     <span class='ocr_line' id='line_1_20' title="bbox 269 1757 1987 1824; baseline -0.001 -15"><span class='ocrx_word' id='word_1_162' title='bbox 269 1777 417 1809; x_wconf 91' lang='lat' dir='ltr'><strong>causa</strong></span> <span class='ocrx_word' id='word_1_163' title='bbox 473 1760 729 1824; x_wconf 87' lang='lat' dir='ltr'><strong>Marcique</strong></span> <span class='ocrx_word' id='word_1_164' title='bbox 782 1759 979 1823; x_wconf 92' lang='lat' dir='ltr'><strong>Coponi</strong></span> <span class='ocrx_word' id='word_1_165' title='bbox 1037 1776 1194 1823; x_wconf 91' lang='lat' dir='ltr'><strong>nuper</strong></span> <span class='ocrx_word' id='word_1_166' title='bbox 1251 1760 1384 1822; x_wconf 91' lang='lat' dir='ltr'><strong>apud</strong></span> <span class='ocrx_word' id='word_1_167' title='bbox 1445 1757 1774 1808; x_wconf 89' lang='lat' dir='ltr'><strong>centumviros</strong></span> <span class='ocrx_word' id='word_1_168' title='bbox 1826 1775 1928 1823; x_wconf 92' lang='lat' dir='ltr'><strong>quo</strong></span> <span class='ocrx_word' id='word_1_169' title='bbox 1984 1762 1987 1764; x_wconf 78' lang='grc'><strong>’</strong></span> 
     </span>
     <span class='ocr_line' id='line_1_21' title="bbox 269 1839 2002 1904; baseline -0.002 -15"><span class='ocrx_word' id='word_1_170' title='bbox 269 1857 513 1890; x_wconf 92' lang='lat' dir='ltr'><strong>concursu</strong></span> <span class='ocrx_word' id='word_1_171' title='bbox 548 1841 820 1901; x_wconf 91' lang='lat' dir='ltr'><strong>hominum,</strong></span> <span class='ocrx_word' id='word_1_172' title='bbox 853 1858 951 1904; x_wconf 91' lang='lat' dir='ltr'><strong>qua</strong></span> <span class='ocrx_word' id='word_1_173' title='bbox 979 1839 1344 1903; x_wconf 89' lang='lat' dir='ltr'><strong>exspectatione</strong></span> <span class='ocrx_word' id='word_1_174' title='bbox 1380 1841 1583 1889; x_wconf 90' lang='lat' dir='ltr'><strong>defensa</strong></span> <span class='ocrx_word' id='word_1_175' title='bbox 1617 1842 1727 1888; x_wconf 86' lang='lat' dir='ltr'><strong>est?</strong></span> <span class='ocrx_word' id='word_1_176' title='bbox 1795 1841 1926 1890; x_wconf 92' lang='lat' dir='ltr'><strong>Cum</strong></span> <span class='ocrx_word' id='word_1_177' title='bbox 1953 1859 2002 1886; x_wconf 89' lang='lat'><strong>20</strong></span> 
     </span>
     <span class='ocr_line' id='line_1_22' title="bbox 270 1919 1927 1985; baseline -0.001 -16"><span class='ocrx_word' id='word_1_178' title='bbox 270 1923 332 1983; x_wconf 87' lang='lat' dir='ltr'><strong>Q.</strong></span> <span class='ocrx_word' id='word_1_179' title='bbox 361 1924 608 1982; x_wconf 91' lang='lat' dir='ltr'><strong>Scaevola,</strong></span> <span class='ocrx_word' id='word_1_180' title='bbox 642 1921 859 1985; x_wconf 91' lang='lat' dir='ltr'><strong>aequalis</strong></span> <span class='ocrx_word' id='word_1_181' title='bbox 897 1930 945 1970; x_wconf 93' lang='lat' dir='ltr'><strong>et</strong></span> <span class='ocrx_word' id='word_1_182' title='bbox 983 1922 1188 1984; x_wconf 87' lang='lat' dir='ltr'><strong>conlega</strong></span> <span class='ocrx_word' id='word_1_183' title='bbox 1229 1937 1382 1980; x_wconf 90' lang='lat' dir='ltr'><strong>meus,</strong></span> <span class='ocrx_word' id='word_1_184' title='bbox 1422 1921 1575 1969; x_wconf 92' lang='lat' dir='ltr'><strong>homo</strong></span> <span class='ocrx_word' id='word_1_185' title='bbox 1613 1919 1836 1969; x_wconf 88' lang='lat' dir='ltr'><strong>omnium</strong></span> <span class='ocrx_word' id='word_1_186' title='bbox 1877 1929 1927 1969; x_wconf 91' lang='lat' dir='ltr'><strong>et</strong></span> 
     </span>
     <span class='ocr_line' id='line_1_23' title="bbox 269 1999 1926 2065; baseline -0.001 -14"><span class='ocrx_word' id='word_1_187' title='bbox 269 2001 528 2065; x_wconf 90' lang='lat' dir='ltr'><strong>disciplina</strong></span> <span class='ocrx_word' id='word_1_188' title='bbox 551 2001 666 2051; x_wconf 93' lang='lat' dir='ltr'><strong>iuris</strong></span> <span class='ocrx_word' id='word_1_189' title='bbox 691 2000 844 2050; x_wconf 91' lang='lat' dir='ltr'><strong>civilis</strong></span> <span class='ocrx_word' id='word_1_190' title='bbox 870 2000 1226 2050; x_wconf 90' lang='lat' dir='ltr'><strong>eruditissimus</strong></span> <span class='ocrx_word' id='word_1_191' title='bbox 1259 2009 1306 2049; x_wconf 94' lang='lat' dir='ltr'><strong>et</strong></span> <span class='ocrx_word' id='word_1_192' title='bbox 1339 1999 1538 2064; x_wconf 87' lang='lat' dir='ltr'><strong>ingenio</strong></span> <span class='ocrx_word' id='word_1_193' title='bbox 1565 1999 1926 2064; x_wconf 90' lang='lat' dir='ltr'><strong>prudentiaque</strong></span> 
     </span>
     <span class='ocr_line' id='line_1_24' title="bbox 267 2080 1922 2145; baseline -0.001 -13"><span class='ocrx_word' id='word_1_194' title='bbox 267 2082 576 2132; x_wconf 90' lang='lat' dir='ltr'><strong>acutissimus</strong></span> <span class='ocrx_word' id='word_1_195' title='bbox 601 2091 649 2132; x_wconf 92' lang='lat' dir='ltr'><strong>et</strong></span> <span class='ocrx_word' id='word_1_196' title='bbox 673 2081 893 2132; x_wconf 90' lang='lat' dir='ltr'><strong>oratione</strong></span> <span class='ocrx_word' id='word_1_197' title='bbox 917 2081 1128 2131; x_wconf 86' lang='lat' dir='ltr'><strong>maxime</strong></span> <span class='ocrx_word' id='word_1_198' title='bbox 1152 2081 1347 2130; x_wconf 91' lang='lat' dir='ltr'><strong>limatus</strong></span> <span class='ocrx_word' id='word_1_199' title='bbox 1371 2090 1521 2145; x_wconf 91' lang='lat' dir='ltr'><strong>atque</strong></span> <span class='ocrx_word' id='word_1_200' title='bbox 1545 2080 1735 2131; x_wconf 90' lang='lat' dir='ltr'><strong>subtilis</strong></span> <span class='ocrx_word' id='word_1_201' title='bbox 1759 2090 1922 2145; x_wconf 88' lang='lat' dir='ltr'><strong>atque,</strong></span> 
     </span>
     <span class='ocr_line' id='line_1_25' title="bbox 267 2161 1925 2227; baseline 0 -15"><span class='ocrx_word' id='word_1_202' title='bbox 267 2172 321 2212; x_wconf 91' lang='lat' dir='ltr'><strong>ut</strong></span> <span class='ocrx_word' id='word_1_203' title='bbox 358 2180 449 2227; x_wconf 91' lang='lat' dir='ltr'><strong>ego</strong></span> <span class='ocrx_word' id='word_1_204' title='bbox 487 2165 623 2222; x_wconf 88' lang='lat' dir='ltr'><strong>soleo</strong></span> <span class='ocrx_word' id='word_1_205' title='bbox 664 2162 840 2223; x_wconf 91' lang='lat' dir='ltr'><strong>dicere,</strong></span> <span class='ocrx_word' id='word_1_206' title='bbox 881 2162 996 2212; x_wconf 91' lang='lat' dir='ltr'><strong>iuris</strong></span> <span class='ocrx_word' id='word_1_207' title='bbox 1034 2162 1301 2226; x_wconf 92' lang='lat' dir='ltr'><strong>peritorum</strong></span> <span class='ocrx_word' id='word_1_208' title='bbox 1343 2161 1787 2226; x_wconf 92' lang='lat' dir='ltr'><strong>eloquentissimus,</strong></span> <span class='ocrx_word' id='word_1_209' title='bbox 1828 2163 1925 2212; x_wconf 92' lang='lat' dir='ltr'><strong>elo-</strong></span> 
     </span>
     <span class='ocr_line' id='line_1_26' title="bbox 267 2242 1996 2308; baseline -0.001 -15"><span class='ocrx_word' id='word_1_210' title='bbox 267 2244 524 2308; x_wconf 91' lang='lat' dir='ltr'><strong>quentium</strong></span> <span class='ocrx_word' id='word_1_211' title='bbox 558 2243 674 2294; x_wconf 92' lang='lat' dir='ltr'><strong>iuris</strong></span> <span class='ocrx_word' id='word_1_212' title='bbox 709 2243 1043 2307; x_wconf 90' lang='lat' dir='ltr'><strong>peritissimus,</strong></span> <span class='ocrx_word' id='word_1_213' title='bbox 1072 2261 1131 2293; x_wconf 90' lang='lat' dir='ltr'><strong>ex</strong></span> <span class='ocrx_word' id='word_1_214' title='bbox 1167 2244 1348 2308; x_wconf 92' lang='lat' dir='ltr'><strong>scripto</strong></span> <span class='ocrx_word' id='word_1_215' title='bbox 1383 2252 1789 2293; x_wconf 90' lang='lat' dir='ltr'><strong>testamentorum</strong></span> <span class='ocrx_word' id='word_1_216' title='bbox 1817 2242 1923 2292; x_wconf 90' lang='lat' dir='ltr'><strong>iura</strong></span> <span class='ocrx_word' id='word_1_217' title='bbox 1949 2260 1996 2300; x_wconf 85' lang='lat'><strong>²5</strong></span> 
     </span>
     <span class='ocr_line' id='line_1_27' title="bbox 266 2325 1922 2388; baseline -0.001 -14"><span class='ocrx_word' id='word_1_218' title='bbox 266 2326 551 2374; x_wconf 88' lang='lat' dir='ltr'><strong>defenderet</strong></span> <span class='ocrx_word' id='word_1_219' title='bbox 575 2333 884 2388; x_wconf 86' lang='lat' dir='ltr'><strong>negaretque,</strong></span> <span class='ocrx_word' id='word_1_220' title='bbox 913 2325 1007 2374; x_wconf 90' lang='lat' dir='ltr'><strong>nisi</strong></span> <span class='ocrx_word' id='word_1_221' title='bbox 1030 2334 1290 2388; x_wconf 90' lang='lat' dir='ltr'><strong>postumus</strong></span> <span class='ocrx_word' id='word_1_222' title='bbox 1316 2333 1364 2373; x_wconf 92' lang='lat' dir='ltr'><strong>et</strong></span> <span class='ocrx_word' id='word_1_223' title='bbox 1383 2333 1526 2374; x_wconf 90' lang='lat' dir='ltr'><strong>natus</strong></span> <span class='ocrx_word' id='word_1_224' title='bbox 1551 2333 1613 2385; x_wconf 92' lang='lat' dir='ltr'><strong>et,</strong></span> <span class='ocrx_word' id='word_1_225' title='bbox 1639 2333 1754 2373; x_wconf 94' lang='lat' dir='ltr'><strong>ante</strong></span> <span class='ocrx_word' id='word_1_226' title='bbox 1773 2340 1922 2388; x_wconf 92' lang='lat' dir='ltr'><strong>quam</strong></span> 
     </span>
     <span class='ocr_line' id='line_1_28' title="bbox 265 2404 1922 2466; baseline 0 -13"><span class='ocrx_word' id='word_1_227' title='bbox 265 2404 316 2453; x_wconf 92' lang='lat' dir='ltr'><strong>in</strong></span> <span class='ocrx_word' id='word_1_228' title='bbox 349 2422 487 2454; x_wconf 90' lang='lat' dir='ltr'><strong>suam</strong></span> <span class='ocrx_word' id='word_1_229' title='bbox 516 2407 719 2454; x_wconf 92' lang='lat' dir='ltr'><strong>tutelam</strong></span> <span class='ocrx_word' id='word_1_230' title='bbox 749 2405 948 2466; x_wconf 88' lang='lat' dir='ltr'><strong>veniret,</strong></span> <span class='ocrx_word' id='word_1_231' title='bbox 980 2414 1202 2454; x_wconf 90' lang='lat' dir='ltr'><strong>mortuus</strong></span> <span class='ocrx_word' id='word_1_232' title='bbox 1232 2413 1373 2465; x_wconf 89' lang='lat' dir='ltr'><strong>esset,</strong></span> <span class='ocrx_word' id='word_1_233' title='bbox 1405 2405 1639 2454; x_wconf 90' lang='lat' dir='ltr'><strong>heredem</strong></span> <span class='ocrx_word' id='word_1_234' title='bbox 1668 2421 1782 2454; x_wconf 90' lang='lat' dir='ltr'><strong>eum</strong></span> <span class='ocrx_word' id='word_1_235' title='bbox 1814 2421 1922 2454; x_wconf 91' lang='lat' dir='ltr'><strong>esse</strong></span> 
     </span>
     <span class='ocr_line' id='line_1_29' title="bbox 264 2485 1920 2549; baseline 0.001 -16"><span class='ocrx_word' id='word_1_236' title='bbox 264 2501 422 2547; x_wconf 91' lang='lat' dir='ltr'><strong>posse,</strong></span> <span class='ocrx_word' id='word_1_237' title='bbox 450 2485 535 2548; x_wconf 90' lang='lat' dir='ltr'><strong>qui</strong></span> <span class='ocrx_word' id='word_1_238' title='bbox 564 2495 691 2535; x_wconf 89' lang='lat' dir='ltr'><strong>esset</strong></span> <span class='ocrx_word' id='word_1_239' title='bbox 721 2488 995 2536; x_wconf 88' lang='lat' dir='ltr'><strong>secundum</strong></span> <span class='ocrx_word' id='word_1_240' title='bbox 1020 2495 1307 2549; x_wconf 89' lang='lat' dir='ltr'><strong>postumum</strong></span> <span class='ocrx_word' id='word_1_241' title='bbox 1332 2493 1380 2534; x_wconf 90' lang='lat' dir='ltr'><strong>et</strong></span> <span class='ocrx_word' id='word_1_242' title='bbox 1404 2493 1576 2534; x_wconf 91' lang='lat' dir='ltr'><strong>natum</strong></span> <span class='ocrx_word' id='word_1_243' title='bbox 1600 2494 1649 2534; x_wconf 93' lang='lat' dir='ltr'><strong>et</strong></span> <span class='ocrx_word' id='word_1_244' title='bbox 1672 2493 1920 2534; x_wconf 90' lang='lat' dir='ltr'><strong>mortuum</strong></span> 
     </span>
     <span class='ocr_line' id='line_1_30' title="bbox 263 2565 1920 2630; baseline 0.002 -17"><span class='ocrx_word' id='word_1_245' title='bbox 263 2566 403 2614; x_wconf 89' lang='lat' dir='ltr'><strong>heres</strong></span> <span class='ocrx_word' id='word_1_246' title='bbox 422 2565 670 2616; x_wconf 90' lang='lat' dir='ltr'><strong>institutus</strong></span> <span class='ocrx_word' id='word_1_247' title='bbox 689 2586 703 2628; x_wconf 80' lang='lat'><em>3</em></span> <span class='ocrx_word' id='word_1_248' title='bbox 731 2584 823 2630; x_wconf 85' lang='lat' dir='ltr'><strong>ego</strong></span> <span class='ocrx_word' id='word_1_249' title='bbox 841 2576 1006 2616; x_wconf 89' lang='lat' dir='ltr'><strong>autem</strong></span> <span class='ocrx_word' id='word_1_250' title='bbox 1026 2567 1344 2616; x_wconf 91' lang='lat' dir='ltr'><strong>defenderem</strong></span> <span class='ocrx_word' id='word_1_251' title='bbox 1369 2583 1484 2615; x_wconf 92' lang='lat' dir='ltr'><strong>eum</strong></span> <span class='ocrx_word' id='word_1_252' title='bbox 1508 2567 1602 2615; x_wconf 90' lang='lat' dir='ltr'><strong>hac</strong></span> <span class='ocrx_word' id='word_1_253' title='bbox 1625 2574 1730 2615; x_wconf 91' lang='lat' dir='ltr'><strong>tum</strong></span> <span class='ocrx_word' id='word_1_254' title='bbox 1754 2575 1920 2616; x_wconf 91' lang='lat' dir='ltr'><strong>mente</strong></span> 
     </span>
     <span class='ocr_line' id='line_1_31' title="bbox 262 2645 1996 2710; baseline -0.001 -17"><span class='ocrx_word' id='word_1_255' title='bbox 262 2645 423 2706; x_wconf 90' lang='lat' dir='ltr'><strong>fuisse,</strong></span> <span class='ocrx_word' id='word_1_256' title='bbox 447 2646 530 2710; x_wconf 92' lang='lat' dir='ltr'><strong>qui</strong></span> <span class='ocrx_word' id='word_1_257' title='bbox 556 2656 903 2696; x_wconf 89' lang='lat' dir='ltr'><strong>testamentum</strong></span> <span class='ocrx_word' id='word_1_258' title='bbox 929 2646 1136 2707; x_wconf 90' lang='lat' dir='ltr'><strong>fecisset,</strong></span> <span class='ocrx_word' id='word_1_259' title='bbox 1158 2656 1225 2707; x_wconf 93' lang='lat' dir='ltr'><strong>ut,</strong></span> <span class='ocrx_word' id='word_1_260' title='bbox 1248 2646 1288 2696; x_wconf 92' lang='lat' dir='ltr'><strong>si</strong></span> <span class='ocrx_word' id='word_1_261' title='bbox 1312 2646 1440 2695; x_wconf 90' lang='lat' dir='ltr'><strong>filius</strong></span> <span class='ocrx_word' id='word_1_262' title='bbox 1465 2663 1567 2695; x_wconf 93' lang='lat' dir='ltr'><strong>non</strong></span> <span class='ocrx_word' id='word_1_263' title='bbox 1592 2654 1732 2706; x_wconf 88' lang='lat' dir='ltr'><strong>esset,</strong></span> <span class='ocrx_word' id='word_1_264' title='bbox 1759 2645 1844 2710; x_wconf 92' lang='lat' dir='ltr'><strong>qui</strong></span> <span class='ocrx_word' id='word_1_265' title='bbox 1867 2645 1918 2695; x_wconf 91' lang='lat' dir='ltr'><strong>in</strong></span> <span class='ocrx_word' id='word_1_266' title='bbox 1944 2661 1996 2701; x_wconf 83' lang='lat'><strong>30</strong></span> 
     </span>
     <span class='ocr_line' id='line_1_32' title="bbox 264 2725 1917 2788; baseline 0.001 -14"><span class='ocrx_word' id='word_1_267' title='bbox 264 2743 402 2775; x_wconf 91' lang='lat' dir='ltr'><strong>suam</strong></span> <span class='ocrx_word' id='word_1_268' title='bbox 439 2730 641 2776; x_wconf 90' lang='lat' dir='ltr'><strong>tutelam</strong></span> <span class='ocrx_word' id='word_1_269' title='bbox 671 2728 869 2788; x_wconf 86' lang='lat' dir='ltr'><strong>veniret,</strong></span> <span class='ocrx_word' id='word_1_270' title='bbox 904 2730 987 2777; x_wconf 90' lang='lat' dir='ltr'><strong>M&#39;.</strong></span> <span class='ocrx_word' id='word_1_271' title='bbox 1018 2727 1195 2778; x_wconf 92' lang='lat' dir='ltr'><strong>Curius</strong></span> <span class='ocrx_word' id='word_1_272' title='bbox 1229 2736 1356 2776; x_wconf 91' lang='lat' dir='ltr'><strong>esset</strong></span> <span class='ocrx_word' id='word_1_273' title='bbox 1385 2728 1540 2786; x_wconf 91' lang='lat' dir='ltr'><strong>heres,</strong></span> <span class='ocrx_word' id='word_1_274' title='bbox 1580 2743 1700 2775; x_wconf 90' lang='lat' dir='ltr'><strong>num</strong></span> <span class='ocrx_word' id='word_1_275' title='bbox 1733 2725 1917 2776; x_wconf 90' lang='lat' dir='ltr'><strong>destitit</strong></span> 
     </span>
     <span class='ocr_line' id='line_1_33' title="bbox 263 2805 1914 2871; baseline 0.001 -15"><span class='ocrx_word' id='word_1_276' title='bbox 263 2816 468 2871; x_wconf 90' lang='lat' dir='ltr'><strong>uterque</strong></span> <span class='ocrx_word' id='word_1_277' title='bbox 497 2818 718 2857; x_wconf 90' lang='lat' dir='ltr'><strong>nostrum</strong></span> <span class='ocrx_word' id='word_1_278' title='bbox 747 2808 798 2857; x_wconf 91' lang='lat' dir='ltr'><strong>in</strong></span> <span class='ocrx_word' id='word_1_279' title='bbox 828 2825 886 2858; x_wconf 92' lang='lat' dir='ltr'><strong>ea</strong></span> <span class='ocrx_word' id='word_1_280' title='bbox 913 2825 1061 2858; x_wconf 89' lang='lat' dir='ltr'><strong>causa</strong></span> <span class='ocrx_word' id='word_1_281' title='bbox 1092 2807 1143 2857; x_wconf 88' lang='lat' dir='ltr'><strong>in</strong></span> <span class='ocrx_word' id='word_1_282' title='bbox 1175 2807 1560 2868; x_wconf 91' lang='lat' dir='ltr'><strong>auctoritatibus,</strong></span> <span class='ocrx_word' id='word_1_283' title='bbox 1587 2805 1639 2856; x_wconf 92' lang='lat' dir='ltr'><strong>in</strong></span> <span class='ocrx_word' id='word_1_284' title='bbox 1667 2806 1914 2871; x_wconf 87' lang='lat' dir='ltr'><strong>exemplis,</strong></span> 
     </span>
    </p>
   </div>
   <div class='ocr_carea' id='block_1_3' title="bbox 261 2935 1914 3032">
    <p class='ocr_par' dir='ltr' id='par_1_3' title="bbox 261 2935 1914 3032">
     <span class='ocr_line' id='line_1_34' title="bbox 315 2935 1914 2986; baseline 0 -10"><span class='ocrx_word' id='word_1_285' title='bbox 315 2951 340 2986; x_wconf 90' lang='lat'>4</span> <span class='ocrx_word' id='word_1_286' title='bbox 371 2938 414 2977; x_wconf 91' lang='lat' dir='ltr'><strong>in</strong></span> <span class='ocrx_word' id='word_1_287' title='bbox 455 2937 546 2977; x_wconf 88' lang='lat' dir='ltr'><strong>iure</strong></span> <span class='ocrx_word' id='word_1_288' title='bbox 578 2943 744 2978; x_wconf 86' lang='lat' dir='ltr'><strong>versata</strong></span> <span class='ocrx_word' id='word_1_289' title='bbox 775 2951 855 2978; x_wconf 84' lang='lat' dir='ltr'><strong>om.</strong></span> <span class='ocrx_word' id='word_1_290' title='bbox 890 2936 949 2977; x_wconf 89' lang='lat' dir='ltr'><strong>M.</strong></span> <span class='ocrx_word' id='word_1_291' title='bbox 1175 2950 1223 2978; x_wconf 86' lang='lat'><strong>12</strong></span> <span class='ocrx_word' id='word_1_292' title='bbox 1252 2937 1295 2976; x_wconf 89' lang='lat' dir='ltr'><strong>in</strong></span> <span class='ocrx_word' id='word_1_293' title='bbox 1327 2950 1373 2976; x_wconf 89' lang='lat' dir='ltr'><strong>re</strong></span> <span class='ocrx_word' id='word_1_294' title='bbox 1410 2950 1492 2977; x_wconf 84' lang='lat' dir='ltr'><strong>om.</strong></span> <span class='ocrx_word' id='word_1_295' title='bbox 1513 2935 1550 2975; x_wconf 92' lang='lat' dir='ltr'><em>L</em></span> <span class='ocrx_word' id='word_1_296' title='bbox 1776 2949 1824 2986; x_wconf 89' lang='lat'><strong>14</strong></span> <span class='ocrx_word' id='word_1_297' title='bbox 1842 2949 1914 2976; x_wconf 86' lang='lat' dir='ltr'><strong>ex-</strong></span> 
     </span>
     <span class='ocr_line' id='line_1_35' title="bbox 261 2992 549 3032; baseline 0 0"><span class='ocrx_word' id='word_1_298' title='bbox 261 2992 549 3032; x_wconf 84' lang='lat' dir='ltr'><strong>aedificariH</strong></span> 
     </span>
    </p>
   </div>
  </div>
 </body>
</html>
