2112 3444
98 151 172 205 28.
187 158 262 216 136
743 154 813 200 M.
852 154 1060 203 TVLLI
1098 155 1478 203 CICERONIS

186 295 264 340 127
285 298 435 352 atque
470 291 651 340 hortari
688 291 890 340 solebat,
963 291 1088 340 Satis
1130 300 1203 340 est
1241 291 1373 340 enim
1414 291 1465 339 in
1507 292 1678 342 ceteris
1722 287 1937 346 artificiis

285 367 611 432 percipiendis
636 378 827 419 tantum
851 372 1004 420 modo
1028 370 1237 419 similem
1262 387 1369 419 esse
1398 370 1612 420 hominis
1636 380 1684 421 et
1707 371 1773 433 id,
1799 373 1937 436 quod

220 493 224 496 .
285 451 500 499 tradatur
522 452 600 499 vel
631 450 779 499 etiam
815 450 1109 511 inculcetur,
1125 451 1165 500 si
1198 450 1284 514 qui
1315 453 1439 500 forte
1471 451 1532 501 sit
1569 452 1764 512 tardior,
1789 468 1936 516 posse

284 529 534 593 percipere
586 529 755 579 animo
809 540 857 580 et
915 531 1152 580 memoria
1209 530 1486 592 custodire3
1542 548 1644 580 non
1690 531 1936 595 quaeritur

284 609 530 659 mobilitas
567 610 775 675 linguae,
802 628 904 660 non
936 611 1155 660 celeritas
1186 612 1461 672 verborum,
1488 628 1590 661 non
1621 611 1837 676 denique
1858 629 1933 673 ea,
1955 626 1980 668 5

182 697 259 736 128
281 705 409 752 quae
436 691 580 741 nobis
616 709 719 741 non
753 708 1015 755 possumus
1043 693 1239 758 fingere,
1269 691 1432 752 facieS,
1462 694 1637 752 vultus,
1664 708 1844 743 sonus:
1880 693 1933 743 in

280 778 472 819 oratore
516 780 682 820 autem
727 787 936 821 acumen
983 771 1365 831 dialecticorum,
1405 771 1675 821 sententiae
1720 770 1934 835 philoso-

280 851 506 912 phorum,
532 853 681 901 verba
703 869 857 915 prope
879 860 1149 915 poetarum,
1177 851 1415 901 memoria
1437 851 1553 901 iuris
1577 853 1930 912 consultorum,

279 947 375 980 vox
419 934 777 995 tragoedorum,
825 941 989 995 gestus
1035 949 1193 995 paene
1238 948 1544 981 summorum
1590 940 1811 981 actorum
1856 940 1931 982 est

278 1011 599 1074 requirendus
615 1030 631 1073 3
665 1029 813 1075 quam
851 1013 918 1061 ob
949 1028 1052 1061 rem
1075 1011 1198 1060 nihil
1221 1011 1272 1060 in
1296 1011 1555 1061 hominum
1579 1028 1756 1075 genere
1779 1011 1931 1062 rarius
1956 1026 2004 1071 10

277 1091 495 1152 perfecto
534 1100 725 1140 oratore
764 1091 969 1140 inveniri
1014 1099 1206 1153 potest;
1262 1108 1390 1155 quae
1436 1091 1582 1150 enim,
1631 1091 1931 1154 singularum

276 1185 436 1218 rerum
460 1170 668 1220 artifices
692 1170 882 1234 singula
905 1170 945 1219 si
968 1170 1278 1219 mediocriter
1300 1170 1468 1233 adepti
1491 1179 1619 1230 sunt,
1644 1171 1928 1234 probantur,

276 1265 336 1298 ea
370 1249 463 1299 nisi
487 1250 655 1300 omnia
677 1260 791 1301 sunt
822 1251 874 1300 in
905 1260 1095 1300 oratore
1126 1268 1332 1311 summa,
1359 1251 1555 1314 probari
1579 1267 1681 1300 non
1704 1260 1926 1314 possunt.

178 1340 253 1383 1²9
277 1330 409 1378 Tum
434 1331 638 1381 Crassus
665 1330 828 1394 ‘atqui
851 1330 989 1380 vide'
1014 1330 1173 1394 inquit
1199 1334 1211 1357 ‘
1226 1330 1278 1379 in
1301 1330 1506 1380 artificio
1530 1346 1768 1395 perquam
1792 1330 1930 1380 tenui

276 1417 325 1458 et
348 1409 442 1458 levi
480 1419 667 1473 quanto
703 1413 813 1474 plus
844 1411 1135 1460 adhibeatur
1166 1410 1460 1474 diligentiae,
1488 1428 1637 1475 quam
1669 1411 1719 1460 in
1743 1413 1838 1461 hac
1860 1429 1926 1472 re,
1954 1427 2001 1468 15

275 1505 424 1551 quam
465 1499 657 1540 constat
707 1508 815 1540 esse
861 1491 1151 1540 maximam:
1210 1508 1358 1555 saepe
1403 1491 1536 1541 enim
1578 1493 1714 1541 soleo
1758 1491 1930 1554 audire

275 1569 527 1631 Roscium,
555 1588 669 1620 cum
693 1571 760 1621 ita
783 1571 928 1632 dicat,
955 1589 1007 1621 se
1030 1573 1194 1622 adhuc
1217 1572 1426 1636 reperire
1449 1571 1762 1636 discipulum,
1779 1588 1928 1636 quem

273 1648 475 1712 quidem
515 1652 757 1713 probaret,
794 1651 1013 1715 potuisse
1047 1652 1312 1714 neminem,
1350 1669 1453 1702 non
1487 1669 1590 1716 quo
1623 1668 1727 1701 non
1763 1661 1927 1702 essent

273 1728 475 1793 quidam
509 1731 803 1794 probabileS,
830 1734 918 1782 sed
953 1732 1082 1796 quia,
1109 1733 1150 1782 si
1181 1732 1368 1797 aliquid
1401 1734 1555 1782 modo
1589 1741 1718 1782 esset
1748 1731 1847 1793 viti,
1873 1731 1926 1782 id

271 1811 394 1859 ferre
417 1809 522 1873 ipse
545 1828 647 1861 non
679 1821 845 1875 posset
861 1831 876 1873 3
910 1812 1031 1861 nihil
1064 1822 1137 1863 est
1169 1813 1302 1862 enim
1334 1823 1435 1863 tam
1470 1812 1660 1876 insigne
1694 1829 1789 1862 nec
1822 1821 1923 1862 tam
1947 1829 1999 1859 20

269 1891 336 1940 ad
363 1889 732 1941 diuturnitatem
767 1893 1032 1943 memoriae
1063 1893 1237 1943 stabile
1271 1911 1421 1957 quam
1444 1893 1510 1954 id,
1537 1893 1589 1942 in
1612 1910 1714 1957 quo
1735 1892 1924 1958 aliquid

171 1985 249 2024 130
270 1971 542 2021 offenderis.
606 1973 782 2036 Itaque
804 1982 859 2022 ut
881 1975 947 2023 ad
970 1976 1098 2023 hanc
1116 1974 1487 2024 similitudinem
1505 1973 1650 2023 huius
1674 1973 1923 2034 histrionis

270 2050 529 2100 oratoriam
569 2054 767 2102 laudem
805 2053 1082 2117 dirigamus,
1125 2053 1367 2103 videtisne
1411 2071 1561 2118 quam
1598 2053 1721 2102 nihil
1755 2054 1820 2103 ab
1859 2071 1922 2117 eo

270 2129 363 2179 nisi
393 2133 622 2193 perfecte,
649 2132 771 2181 nihil
809 2132 903 2182 nisi
935 2150 1049 2182 cum
1087 2150 1280 2183 summa
1309 2142 1566 2183 venustate
1595 2134 1694 2193 fiat,
1720 2132 1814 2182 nisi
1837 2132 1918 2198 ita,

269 2219 322 2259 ut
345 2212 518 2261 deceat
541 2221 590 2261 et
613 2212 685 2261 uti
708 2213 869 2262 omnis
902 2222 1096 2263 moveat
1125 2222 1274 2278 atque
1305 2215 1517 2264 delectet
1533 2215 1556 2262 ?
1625 2215 1800 2277 Itaque
1822 2215 1921 2263 hoc
1944 2232 1994 2273 25

267 2289 365 2339 iam
397 2291 482 2341 diu
514 2301 588 2341 est
625 2302 933 2353 consecutuS,
959 2302 1026 2354 ut,
1053 2293 1104 2342 in
1142 2310 1243 2357 quo
1279 2293 1489 2358 quisque
1525 2292 1730 2343 artificio
1767 2294 1921 2342 excel-

266 2372 400 2431 leret,
420 2371 460 2421 is
484 2371 535 2421 in
560 2389 651 2422 suo
673 2390 851 2436 genere
875 2373 1086 2423 Roscius
1111 2373 1364 2424 diceretur.
1439 2377 1590 2424 Hanc
1612 2390 1705 2437 ego
1727 2373 1920 2423 absolu-

267 2450 453 2501 tionem
491 2453 942 2518 perfectionemque
979 2454 1029 2502 in
1067 2464 1258 2504 oratore
1293 2453 1591 2514 desideranS‚
1617 2470 1648 2503 a
1680 2469 1780 2517 qua
1813 2452 1919 2516 ipse

266 2532 411 2594 longe
450 2533 640 2593 absum,
682 2533 810 2583 facio
846 2533 1158 2597 impudenter
1173 2552 1187 2595 3
1235 2534 1357 2583 mihi
1391 2534 1524 2583 enim
1558 2535 1672 2583 volo
1712 2532 1914 2597 ignosci,

266 2611 438 2660 ceteris
473 2611 578 2674 ipse
615 2628 718 2661 non
755 2612 958 2676 ignosco
976 2630 992 2674 3
1025 2629 1141 2661 nam
1174 2613 1259 2677 qui
1290 2630 1393 2663 non
1423 2622 1600 2678 potest,
1626 2612 1712 2677 qui
1742 2611 1917 2663 vitiose
1939 2631 1991 2672 30

260 2686 390 2754 facit,
414 2705 563 2751 quem
588 2690 803 2753 denique
827 2706 931 2738 non
950 2691 1108 2750 decet,
1130 2691 1276 2750 hunc,
1299 2699 1353 2739 ut
1376 2689 1673 2757 Apollonius
1695 2689 1916 2755 iubebat,

315 2817 394 2854 1-9
413 2817 550 2854 paene
569 2816 748 2844 summo·
766 2803 820 2843 M
836 2823 871 2837 =
891 2803 940 2842 H
1153 2817 1182 2855 9
1209 2816 1319 2844 -rum
1336 2817 1440 2854 seqq.
1465 2804 1570 2844 re’cc.²
1759 2815 1786 2841 2
1813 2815 1907 2853 per-

261 2857 470 2907 cipiendis
489 2858 525 2895 L
547 2870 633 2897 recc.
656 2872 666 2897 z
695 2858 963 2907 perficiendis
982 2856 1035 2895 M
1220 2870 1243 2906 7
1273 2858 1483 2897 sententia
1501 2856 1554 2895 M
1566 2870 1577 2897 ε
1605 2856 1781 2896 scientia
1797 2869 1905 2905 rece„

260 2910 371 2962 quod
390 2911 540 2949 maluit
555 2910 752 2950 Friedrich
951 2925 979 2961 9
999 2914 1094 2961 post
1109 2918 1244 2950 sfimo-
1267 2911 1391 2960 deficit
1407 2910 1460 2949 H
1656 2922 1706 2960 13
1734 2916 1907 2960 possunt

259 2961 369 3003 codd.
389 2975 400 3011 3
428 2969 569 3013 potest
591 2963 704 3004 Bake
884 2974 933 3012 14
962 2975 1162 3014 perquam
1182 2964 1438 3005 Lambinus:
1467 2975 1598 3015 opera
1614 2975 1741 3013 quam
1756 2961 1866 3004 codd.
