2150 3444
783 147 879 195 DE
914 143 1255 196 ORATORE
1328 144 1381 193 11
1467 115 1481 129 '

250 273 391 336 dicta
412 285 496 335 illa
520 285 687 335 brevia
710 302 812 336 non
836 281 1040 345 habuit3
1075 282 1310 347 parcebat
1333 279 1466 331 enim
1495 282 1739 331 adversari
1759 282 1913 346 digni-

253 365 355 427 tati,
390 365 443 415 in
478 383 581 430 quo
615 365 721 430 ipse
758 366 1082 415 conservabat
1120 380 1259 413 suam
1277 381 1291 424 3
1340 364 1477 426 quod
1513 371 1586 411 est
1627 363 1912 412 hominibus

251 447 424 498 facetis
448 457 497 498 et
521 447 776 498 dicacibus
799 445 1157 506 difficillimum,
1179 445 1362 494 habere
1386 443 1646 493 hominum
1671 443 1911 510 rationem

250 538 302 580 et
342 538 623 595 temporum
664 539 714 580 et
755 546 827 589 ea,
865 545 993 593 quae
1035 536 1310 586 occurrunt,
1350 542 1465 575 cum
1507 525 1770 575 salsissime
1812 525 1911 576 dici

204 624 229 669 5
251 618 474 675 possunt,
514 619 682 660 tenere
698 627 714 672 3
765 609 932 672 itaque
979 624 1082 658 non
1130 606 1252 656 nulli
1300 605 1493 656 ridiculi
1540 606 1768 656 homines
1815 608 1911 656 hoc

248 689 415 756 ipsum
449 708 553 742 non
587 691 773 740 insulse
812 689 1192 753 interpretantur
1208 705 1222 749 3
1268 687 1432 737 dicere
1467 686 1600 736 enim
1641 686 1780 736 aiunt
1816 689 1913 736 En-

247 770 403 831 nium,
429 773 682 821 flammam
709 787 740 820 a
771 769 993 834 sapiente
1025 768 1215 818 facilius
1248 785 1333 818 ore
1365 767 1416 816 in
1447 769 1652 818 ardente
1684 766 1908 832 opprimi,

246 868 400 916 quam
418 853 554 902 bona
570 851 704 902 dicta
722 858 886 900 teneat
903 868 917 912 ;
952 851 1076 899 haec
1101 849 1287 899 scilicet
1311 849 1446 899 bona
1469 848 1615 910 dicta,
1633 864 1762 912 quae
1786 850 1913 898 salsa

246 932 345 983 sint
361 950 377 995 ;
410 948 527 982 nam
560 949 619 982 ea
650 931 784 983 dicta
812 933 1123 997 appellantur
1155 929 1354 995 proprio
1387 929 1486 979 iarn
1521 929 1736 980 nomine.
1813 931 1912 980 Sed

175 1029 227 1061 10
245 1022 303 1064 ut
347 1013 400 1064 in
435 1015 673 1065 Scaevola
712 1013 958 1064 continuit
1005 1030 1064 1063 ea
1112 1014 1319 1063 Crassus
1360 1020 1510 1076 atque
1551 1010 1603 1060 in
1639 1010 1724 1060 illo
1758 1012 1913 1061 altero

243 1083 442 1160 ¹genere,
463 1095 516 1145 in
549 1111 652 1160 quo
683 1094 806 1144 nulli
836 1094 995 1144 aculei
1031 1093 1442 1144 contumeliarum
1477 1092 1686 1155 inerant,
1710 1108 1910 1142 causam

244 1174 381 1226 illam
408 1173 896 1246 disputationemque
927 1174 1079 1237 elusit,
1107 1174 1178 1224 sic
1210 1173 1261 1223 in
1287 1177 1458 1235 Bruto,
1483 1189 1633 1237 quem
1658 1174 1831 1224 oderat
1862 1182 1912 1223 et

243 1248 397 1322 quem
418 1257 631 1322 dignum
663 1256 966 1307 contumelia
999 1255 1268 1317 iudicabat,
1293 1264 1502 1318 utroque
1526 1271 1704 1319 genere
1727 1271 1911 1319 pugna-

243 1337 326 1389 vit.
399 1341 568 1402 Quam
603 1341 759 1389 multa
794 1340 859 1389 de
894 1338 1101 1400 balneis,
1127 1354 1258 1401 quas*
1289 1353 1445 1402 nuper
1486 1337 1566 1386 ille
1604 1337 1907 1398 vendiderat,

172 1423 222 1483 ‘15
243 1437 396 1487 quam
449 1423 606 1471 multa
655 1422 721 1471 de
779 1420 962 1471 amisso
1022 1419 1319 1484 patrimonio
1369 1419 1519 1470 dixit!
1600 1421 1768 1483 Atque
1828 1419 1912 1468 illa

243 1501 427 1565 brevia,
467 1519 583 1552 cum
623 1501 706 1551 ille
745 1501 931 1552 diceret
975 1518 1027 1551 se
1075 1502 1180 1551 sine
1222 1516 1372 1550 causa
1418 1501 1610 1560 sudare,
1648 1502 1662 1526 ‘
1679 1499 1911 1549 minime'

240 1581 404 1647 inquit
433 1585 449 1610 ‘
469 1585 624 1633 modo
651 1581 787 1632 enim
818 1582 958 1632 existi
993 1584 1058 1632 de
1093 1581 1313 1631 balneis.'
1385 1579 1772 1630 Innumerabilia
1806 1581 1909 1630 alia

240 1664 454 1726 fuerunt,
480 1665 569 1714 sed
604 1680 706 1714 non
743 1663 906 1713 minus
942 1664 1160 1714 iucunda
1196 1662 1278 1711 illa
1312 1670 1581 1726 perpetua:
1623 1677 1738 1711 cum
1774 1661 1908 1711 enim

241 1745 425 1795 Brutus
442 1746 546 1795 duo
563 1746 771 1795 lectores
795 1745 1122 1795 excitasset-et
1139 1743 1278 1793 alteri
1297 1744 1362 1812 de
1380 1741 1576 1791 colonia
1593 1741 1909 1791 Narbonensi

167 1841 220 1872 ²0
242 1825 408 1878 Crassi
431 1825 705 1876 orationem
735 1826 997 1889 legendam
1031 1823 1263 1883 dedisset,
1290 1822 1428 1872 alteri
1461 1823 1526 1871 de
1558 1823 1664 1885 lege
1690 1821 1908 1884 Servilia,

238 1914 290 1957 et
313 1923 430 1957 cum
453 1906 696 1958 contraria
720 1906 846 1956 inter
870 1923 977 1956 sese
1002 1907 1066 1955 de
1096 1923 1146 1954 re
1178 1904 1379 1968 publica
1407 1902 1569 1967 capita
1601 1902 1904 1964 contulisset,

236 1996 405 2038 noster
426 1985 510 2037 hic
533 1987 830 2038 facetissime
855 1987 939 2036 tris
974 1986 1124 2051 patris
1151 1985 1289 2034 Bruti
1319 1987 1383 2034 de
1415 1984 1518 2034 iure
1550 1983 1679 2034 civili
1712 1983 1906 2034 libellos

235 2069 394 2120 tribus
425 2071 667 2135 legendos
696 2068 848 2119 dedit.
923 2070 1000 2117 Ex
1032 2067 1158 2117 libro
1182 2066 1372 2130 primo:
1408 2068 1422 2092 ‘
1439 2067 1563 2115 forte
1587 2065 1751 2115 evenit
1774 2074 1829 2114 ut
1852 2064 1904 2113 in

237 2150 510 2202 Privernati
532 2153 786 2201 essemus.'
844 2152 859 2176 ‘
876 2152 1041 2211 Brute,
1064 2147 1352 2198 testificatur
1376 2155 1514 2211 pater
1538 2163 1590 2195 se
1614 2144 1703 2195 tibi
1723 2145 1906 2195 Priver-

164 2241 214 2293 25'
237 2242 406 2284 natem
437 2234 662 2283 fundum'
685 2231 970 2296 reliquisse.'
1043 2229 1240 2280 Deinde
1276 2246 1336 2278 ex
1371 2228 1497 2278 libro
1533 2229 1784 2277 secundo:
1818 2227 1904 2276 ‘in

235 2315 438 2364 Albano
474 2330 668 2364 eramus
706 2330 800 2377 ego
841 2321 890 2363 et
931 2313 1133 2362 Marcus
1172 2310 1331 2360 filius.'
1405 2308 1638 2374 ‘Sapiens
1674 2308 1905 2359 videlicet

234 2396 392 2445 homo
431 2411 548 2444 cum
585 2394 755 2459 primis
794 2402 991 2445 nostrae
1030 2392 1239 2442 civitatis
1277 2399 1420 2441 norat
1460 2392 1595 2439 hunc
1631 2389 1872 2454 gurgitem
1888 2407 1903 2451 3

235 2477 490 2529 metuebat
526 2493 604 2536 ne,
642 2492 759 2525 cum
795 2475 836 2525 is
873 2475 996 2524 nihil
1033 2475 1250 2532 haberet,
1287 2472 1410 2522 nihil
1447 2488 1554 2521 esse
1591 2470 1640 2521 ei
1676 2470 1902 2522 relictum

233 2559 518 2625 putaretur!
586 2559 721 2607 Turn
758 2575 818 2607 ex
855 2556 982 2607 libro
1024 2555 1182 2615 tertio,
1220 2554 1273 2604 in
1314 2570 1417 2618 quo
1458 2554 1610 2602 finem
1651 2551 1901 2603 scribendi

287 2679 341 2719 M
357 2700 392 2714 =
413 2678 551 2720 AEH
658 2694 677 2721 2
709 2685 775 2720 est
795 2681 838 2719 in
858 2677 912 2718 M
1016 2692 1042 2728 4
1070 2683 1296 2719 occurrunt
1312 2677 1355 2715 A
1362 2676 1497 2728 ¹vulg.
1517 2689 1527 2715 ε
1549 2681 1771 2716 occurrant
1782 2674 1895 2717 codd.

231 2737 260 2774 6
287 2736 400 2774 enim
421 2735 539 2774 aiunt
561 2733 711 2786 (xxxvi
726 2735 798 2775 litt.
823 2741 884 2786 sp.
910 2735 1015 2784 vac.)
1039 2734 1175 2784 pienti
1194 2732 1247 2771 H
1261 2748 1270 2772 :
1300 2732 1414 2771 enim
1433 2737 1507 2770 aut
1527 2731 1661 2781 pienti
1680 2730 1723 2769 A
1744 2745 1754 2770 z
1782 2731 1897 2771 enim

231 2795 304 2829 aut
326 2790 471 2840 piente
490 2788 533 2828 E
664 2789 777 2829 enim
806 2789 924 2828 aiunt
943 2787 1101 2828 seclusit
1116 2787 1230 2826 Bake
1412 2799 1461 2826 12
1490 2786 1616 2825 elusit
1635 2784 1761 2825 Reid:
1795 2785 1897 2825 lusit

230 2843 344 2884 codd.
460 2854 509 2894 13
538 2843 756 2894 pugnabat
775 2843 812 2883 L
927 2844 978 2882 16
1006 2842 1178 2880 minime
1209 2841 1359 2880 mirum
1380 2840 1519 2890 inquit
1539 2840 1576 2880 L
1597 2840 1709 2892 vulg.
1846 2852 1896 2889 17

229 2898 409 2939 huiusce
421 2896 582 2937 modiL
599 2911 609 2936 t
629 2910 713 2938 om.
738 2896 792 2936 M
913 2896 995 2936 alia
1011 2895 1141 2937 Reid:
1173 2895 1272 2935 talia
1293 2894 1430 2934 Halm
1544 2906 1594 2946 19
1622 2895 1729 2934 duos
1750 2892 1896 2933 mP0²

229 2964 278 2994 21
311 2958 459 2993 contra
476 2951 531 2991 M
635 2953 773 3002 capita
793 2965 877 2991 om.
901 2949 955 2989 M
1058 2949 1340 2990 contulissent
1358 2948 1412 2988 M
1516 2962 1567 2999 24
1597 2961 1788 2990 essemus
1814 2961 1897 2999 ego

229 3013 274 3048 et
302 3007 360 3048 M.
398 3006 511 3047 filius
544 3005 748 3046 Fn‘edn'ch
780 3006 919 3045 collata
952 3008 1054 3044 orat.
1082 3011 1162 3056 pro
1195 3003 1378 3044 Cluentio
1405 3005 1426 3051 §
1463 3015 1540 3053 144
1706 3004 1760 3043 28
1787 3002 1896 3043 nihil

228 3063 404 3104 haberet
423 3075 508 3102 om.
533 3060 587 3099 M

1933 153 2004 206 54
2026 160 2098 194 221

1938 703 2015 732 222

1934 934 1999 985 55

1936 1351 2014 1392 2²3

1931 2082 2012 2124 ²24
