2150 3444
133 186 199 236 45
222 183 299 236 19'9

215 1456 293 1486 200

212 1886 289 1915 201

213 2672 287 2701 202

803 178 874 225 Μ.
912 176 1121 225 TVLLI
1159 178 1539 228 CICERONIS

321 312 443 364 ctuti
471 330 587 364 vero
616 314 938 365 celebrandae
967 321 1016 365 et
1056 317 1305 366 ornandae
1340 318 1477 380 quod
1517 315 1770 367 honestius
1810 325 1974 381 potest

321 410 428 445 esse
472 395 746 459 perfugium
782 413 931 460 quam
967 394 1082 447 iuris
1123 395 1490 462 interpretatio?
1559 397 1806 462 Equidem
1851 397 1974 448 mihi

320 477 418 525 hoc
458 475 733 526 subsidium
772 476 869 525 iam
906 476 1023 527 inde
1062 477 1127 527 ab
1166 478 1501 528 adulescentia
1540 478 1832 543 comparavi,
1869 495 1972 530 non

320 557 481 606 solum
522 558 587 607 ad
625 573 880 607 causarum
920 575 1065 607 usum
1102 561 1361 620 forensem,
1402 560 1491 609 sed
1528 559 1676 609 etiam
1714 561 1780 610 ad
1819 559 1972 610 decus

319 646 468 701 atque
505 647 849 687 ornamentum
886 639 1164 700 senectutis,
1192 649 1259 700 ut,
1286 657 1401 699 cum
1433 658 1514 690 me
1536 641 1675 702 vires,
1701 641 1838 705 quod
1872 642 1972 690 fere
1996 656 2018 697 5

319 718 417 767 iam
442 726 635 784 tempus
660 721 904 781 adventat,
931 722 1143 772 deficere
1178 722 1470 786 coepissent,
1497 722 1589 772 ista
1610 723 1675 773 ab
1707 722 1972 773 solitudine

319 799 525 849 domum
571 817 733 849 meam
779 800 1091 852 vindicarem.
1179 803 1317 864 Quid
1362 813 1436 853 est
1488 804 1621 853 enirn
1679 802 1971 867 praeclarius

317 894 467 942 quarn
513 878 783 930 honoribus
830 888 879 931 et
930 882 999 931 rei
1047 883 1275 946 publicae
1329 884 1614 935 muneribus
1658 886 1970 949 perfunctum

318 975 487 1009 senem
510 976 656 1023 posse
681 977 772 1010 suo
795 959 899 1011 iure
923 961 1086 1012 dicere
1109 963 1256 1025 idem,
1277 966 1415 1028 quod
1436 967 1571 1029 apud
1595 965 1814 1016 Ennium
1838 963 1971 1016 dicat

317 1038 398 1088 ille
423 1040 625 1102 Pythius
650 1043 847 1104 Apollo,
874 1058 927 1091 se
951 1059 1058 1092 esse
1090 1060 1218 1104 eum,
1244 1046 1379 1095 unde
1402 1044 1509 1107 sibi,
1536 1046 1577 1096 si
1600 1063 1703 1096 non
1726 1045 1898 1111 populi
1921 1052 1971 1096 et
1995 1065 2046 1095 10

316 1135 468 1183 regeS,
493 1129 542 1169 at
566 1137 739 1171 omnes
763 1121 839 1171 sui
864 1121 993 1173 cives
1018 1123 1277 1174 consilium
1302 1125 1544 1190 expetant,

450 1216 752 1251 summarum
787 1217 948 1252 rerum
983 1201 1184 1255 incerti:
1230 1221 1355 1269 quos
1390 1222 1482 1269 ego
1517 1222 1613 1271 ope
1647 1222 1760 1257 mea

450 1286 541 1333 †ex
575 1281 772 1333 incertis
806 1292 966 1333 certos
1001 1293 1357 1350 compotesque
1389 1287 1564 1336 consili

450 1361 659 1422 dimitto,
697 1371 751 1412 ut
786 1380 851 1413 ne
885 1380 960 1414 res
996 1372 1179 1415 temere
1214 1373 1422 1416 tractent
1455 1366 1704 1417 turbidas:

316 1449 389 1491 est
427 1442 559 1492 enim
597 1442 704 1492 sine
740 1443 896 1494 dubio
933 1446 1113 1495 domus
1141 1443 1257 1495 iuris
1295 1446 1507 1495 consulti
1538 1446 1688 1496 totius
1715 1447 1969 1497 oraculum
1995 1463 2043 1505 15

316 1522 554 1584 civitatis;
601 1522 738 1573 testis
775 1532 849 1574 est
886 1524 1091 1574 huiusce
1124 1527 1185 1587 Q.
1215 1526 1356 1575 Muci
1392 1526 1539 1576 ianua
1570 1518 1619 1576 et
1654 1526 1967 1588 vestibulum,

315 1605 452 1667 quod
476 1603 527 1653 in
552 1604 655 1654 eius
687 1604 1017 1655 infirmissima
1047 1606 1328 1657 valetudine
1358 1608 1651 1671 adfectaque
1681 1607 1779 1657 iam
1810 1615 1970 1658 aetate

314 1684 526 1734 maxima
563 1685 745 1735 cotidie
781 1686 1055 1751 frequentia
1086 1684 1266 1738 civium
1297 1703 1357 1738 ae
1380 1704 1686 1738 summorum
1709 1688 1968 1739 hominum

315 1766 577 1828 splendore
601 1766 883 1816 celebratur.

383 1847 491 1894 Iam
523 1846 605 1895 illa
628 1863 729 1896 non
754 1849 951 1910 longam
984 1848 1256 1898 orationem
1281 1848 1574 1910 desiderant,
1601 1865 1750 1913 quam
1774 1848 1842 1899 ob
1864 1864 1968 1898 rem
1993 1869 2043 1897 20

315 1926 587 1975 existimem
624 1926 823 1990 publica
860 1945 1059 1992 quoque
1094 1928 1210 1989 iura,
1238 1946 1365 1993 quae
1396 1938 1510 1979 sunt
1539 1929 1735 1994 propria
1762 1929 1968 1979 civitatis

314 2016 461 2070 atque
485 2007 671 2071 imperi,
698 2016 803 2057 tum
835 2019 1157 2059 monumenta
1188 2026 1348 2059 rerum
1371 2019 1616 2073 gestarum
1644 2019 1693 2060 et
1715 2009 1967 2060 vetustatis

314 2090 536 2151 exempla
574 2088 751 2138 oratori
783 2098 901 2138 nota
938 2106 1045 2139 esse
1077 2091 1289 2153 debere3
1323 2109 1438 2140 narn
1470 2100 1525 2141 ut
1556 2091 1607 2141 in
1630 2108 1791 2141 rerum
1815 2091 1968 2155 priva-

312 2178 469 2218 tarum
503 2169 661 2218 causis
692 2178 840 2233 atque
872 2169 1064 2220 iudiciis
1097 2173 1434 2235 depromenda
1461 2189 1608 2236 saepe
1631 2173 1786 2223 oratio
1810 2182 1883 2223 est
1907 2188 1967 2222 ex

311 2248 415 2298 iure
450 2249 578 2299 civili
614 2258 662 2299 et
702 2249 899 2311 idcirco,
937 2260 992 2300 ut
1027 2259 1142 2301 ante
1179 2252 1403 2313 diximus,
1443 2252 1622 2303 oratori
1658 2252 1774 2303 iuris
1811 2252 1965 2303 civilis
1989 2260 2058 2312 25⁴

313 2329 516 2379 scientia
561 2330 833 2380 necessaria
879 2340 965 2392 est,
1010 2331 1080 2381 sic
1117 2332 1168 2381 in
1210 2332 1367 2382 causis
1408 2333 1617 2397 publicis
1654 2333 1962 2394 iudiciorum,

312 2410 616 2471 contionum,
643 2420 840 2461 senatus
873 2412 1033 2461 omnis
1071 2414 1194 2462 haec
1231 2422 1280 2462 et
1310 2413 1612 2478 antiquitatis
1647 2412 1885 2463 memoria
1917 2421 1966 2463 et

311 2491 497 2554 publici
538 2491 653 2541 iuris
690 2491 952 2542 auctoritas
990 2501 1039 2542 et
1079 2495 1323 2556 regendae
1363 2494 1431 2544 rei
1477 2493 1704 2558 publicae
1750 2494 1873 2544 ratio
1906 2510 1966 2543 ac

312 2571 515 2621 scientia
530 2582 781 2636 tamquam
800 2573 963 2637 aliqua
982 2574 1207 2623 materies
1223 2575 1292 2624 eis
1308 2575 1594 2636 oratoribus,
1613 2574 1698 2639 qui
1714 2583 1965 2624 versantur

311 2650 362 2699 in
387 2669 437 2700 re
471 2652 930 2715 publica‚,subiecta
964 2671 1070 2704 esse
1105 2657 1266 2705 debet.
1340 2658 1389 2706 N
1392 2673 1458 2705 on
1493 2656 1626 2705 enirn
1661 2654 1963 2706 causidicum
1988 2674 2039 2714 30

312 2732 480 2781 nescio
505 2750 653 2796 quem
677 2752 840 2798 neque
872 2736 1188 2786 clamatorem
1225 2744 1309 2786 aut
1346 2737 1567 2786 rabulam
1604 2736 1702 2786 hoc
1738 2751 1964 2786 sermone

366 2860 394 2899 6
422 2861 478 2900 ita
507 2860 680 2914 Madvig
812 2877 859 2903 12
890 2877 1144 2904 summarum
1164 2863 1297 2916 Lagg.
1321 2877 1489 2904 omnes:
1518 2876 1688 2904 suarum
1707 2874 1962 2903 summarum

314 2913 352 2952 L
461 2928 555 2954 mea
583 2929 664 2966 ope
694 2916 803 2956 codd.
825 2932 834 2957 ε
861 2931 958 2957 corr.
989 2918 1036 2957 G.
1068 2918 1291 2958 Hermann
1458 2930 1506 2967 13
1535 2930 1590 2957 ex
1618 2918 1789 2958 incertis
1816 2915 1929 2957 codd.
1951 2931 1963 2955 ι

312 2967 469 3019 incepti
494 2969 660 3008 Ribbeck
822 2984 870 3021 31
902 2973 1248 3023 proclamatorem
1270 2971 1405 3014 codd:
1435 2985 1530 3012 corr.
1551 2971 1714 3011 Ellendt
