2112 3444
101 169 164 204 12·
182 151 236 215 56
718 157 787 204 M.
827 156 1035 203 TVLLI
1074 150 1452 206 CICERONIS

259 292 345 356 qui
377 282 624 344 discernes
663 310 847 354 eorum,
874 310 1000 357 quos
1032 288 1295 354 nominavi,
1323 291 1372 342 in
1398 293 1614 344 dicendo
1637 292 1910 344 ubertatem

259 383 308 423 et
344 375 539 438 copiam
574 375 639 423 ab
680 392 850 424 eorum
892 374 1116 434 exilitate,
1144 375 1227 437 qui
1261 376 1354 423 hac
1386 375 1585 425 dicendi
1608 374 1839 424 varietate
1862 383 1912 424 et

258 456 499 518 elegantia
537 472 637 504 non
676 458 916 504 utuntur?
986 458 1159 505 Unum
1198 455 1287 503 erit
1318 456 1552 518 profecto,
1579 457 1716 518 quod
1739 455 1798 516 ei,
1825 455 1911 519 qui

259 535 387 584 bene
422 535 606 595 dicunt,
641 537 867 584 adferunt
905 534 1169 599 proprium,
1197 534 1521 598 compositam
1557 534 1830 584 orationem
1861 543 1911 584 et

258 625 479 664 ornatam
504 624 552 664 et
576 615 780 664 artificio
805 617 1022 678 quodam
1047 624 1095 664 et
1120 614 1417 678 expolitione
1441 614 1722 663 distinctam
1738 632 1755 676 3
1786 615 1910 664 haec
1934 630 1957 670 5

256 705 422 745 autem
469 695 637 755 oratio,
688 695 728 744 si
774 711 848 744 res
895 712 996 744 non
1044 696 1211 744 subest
1256 695 1322 743 ab
1361 703 1552 744 oratore
1591 703 1822 758 percepta
1861 703 1910 744 et

259 775 465 837 cognita,
493 784 576 823 aut
602 777 736 823 nulla
759 774 820 823 sit
839 791 1040 823 necesse
1064 783 1137 824 est
1160 783 1244 824 aut
1269 773 1492 823 omnium
1521 773 1752 824 inrisione
1775 775 1910 824 luda-

181 872 228 913 51
257 862 345 902 tur.
419 854 555 915 Quid
581 864 654 904 est
679 855 811 903 enim
831 864 931 903 tarn
950 854 1201 915 furiosum,
1228 871 1377 917 quam
1401 855 1662 903 verborum
1686 855 1764 903 vel
1787 854 1910 918 opti-

255 951 449 983 morum
480 944 629 998 atque
662 935 1082 984 ornatissimorum
1108 935 1297 984 sonitus
1322 934 1494 995 inanis,
1530 936 1664 984 nulla
1687 934 1908 985 subiecta

254 1015 495 1064 sententia
519 1032 611 1064 nec
636 1015 878 1064 scientia?
902 1041 914 1052 ·
948 1015 1200 1078 Quicquid
1225 1015 1313 1064 erit
1337 1014 1481 1078 igitur
1503 1031 1816 1079 quacumque
1847 1032 1908 1065 ex
1932 1032 1983 1061 ιο

251 1103 367 1154 arte,
395 1110 711 1157 quocumque
743 1096 807 1144 de
843 1110 1034 1157 genere,
1062 1104 1223 1144 orator
1254 1094 1319 1155 id,
1347 1094 1388 1143 si
1424 1103 1677 1158 tamquam
1716 1095 1907 1146 clientis

253 1189 451 1222 causam
491 1174 729 1234 didicerit,
768 1174 899 1224 dicet
937 1174 1111 1223 melius
1153 1183 1202 1223 et
1241 1174 1458 1224 ornatius
1497 1191 1646 1238 quam
1684 1174 1790 1239 ipse
1826 1175 1908 1225 ille

119 1315 121 1318 Α
177 1274 226 1314 52
251 1253 354 1302 eius
390 1253 458 1302 rei
493 1253 718 1303 inventor
751 1263 901 1318 atque
931 1253 1112 1303 artifex.
1186 1256 1317 1304 Nam
1349 1255 1390 1304 si
1424 1254 1534 1318 quis
1569 1255 1658 1305 erit
1689 1255 1775 1320 qui
1809 1258 1907 1307 hoc

249 1332 395 1393 dicat,
445 1350 552 1383 esse
599 1337 839 1398 quasdam
886 1344 1133 1384 oratorum
1180 1334 1398 1398 proprias
1445 1335 1710 1385 sententias
1755 1345 1906 1400 atque

249 1429 421 1462 causas
445 1422 493 1462 et
512 1423 752 1463 certarum
771 1431 931 1463 rerum
949 1414 1468 1464 forensibus-cancellis
1488 1415 1904 1480 circumscriptam
1931 1433 1977 1476 15

249 1492 518 1561 scientiam,
558 1495 750 1544 fatebor
786 1494 1019 1557 equidem
1060 1494 1111 1543 in
1152 1494 1228 1544 his
1274 1495 1428 1559 magis
1474 1496 1682 1546 adsidue
1726 1497 1905 1547 versari

247 1574 376 1621 hanc
423 1582 641 1623 nostram
688 1574 971 1634 dictionem,
1021 1577 1109 1624 sed
1156 1580 1322 1624 tamen
1375 1575 1427 1624 in
1473 1575 1549 1625 his
1595 1575 1713 1640 ipsis
1758 1577 1905 1628 rebus

247 1655 490 1716 permulta
530 1662 656 1714 sunt,
697 1670 824 1717 quae
865 1654 957 1718 ipsi
998 1653 1227 1717 magistri,
1264 1654 1350 1718 qui
1385 1654 1613 1705 rhetorici
1651 1665 1902 1718 vocantur,

173 1754 224 1795 53
247 1750 340 1782 nec
365 1736 563 1783 tradunt
595 1751 688 1784 nec
723 1744 905 1784 tenent.
980 1735 1105 1797 Quis
1141 1735 1275 1784 enim
1312 1736 1468 1786 nescit
1504 1736 1781 1786 maximam·
1802 1737 1903 1788 vim

246 1813 474 1864 exsistere
498 1815 702 1865 oratoris
734 1815 785 1864 in
817 1815 1076 1865 hominum
1109 1815 1357 1865 mentibus
1381 1818 1459 1866 vel
1486 1818 1551 1866 ad
1574 1817 1695 1866 iram
1718 1825 1803 1866 aut
1836 1818 1903 1868 ad
1927 1837 1979 1868 20

246 1894 418 1962 odium
464 1904 549 1944 aut
594 1897 659 1945 ad
706 1897 929 1945 dolorem
975 1895 1238 1945 incitandis
1283 1897 1361 1945 vel
1406 1897 1471 1945 ab
1524 1896 1660 1946 hisce
1713 1897 1901 1947 eisdem

244 1974 635 2038 permotionibus
671 1977 737 2025 ad
773 1975 1025 2024 lenitatem
1062 1974 1546 2039 misericordiamque
1577 1976 1902 2027 revocandis?

244 2056 388 2117 Quae
412 2054 505 2104 nisi
528 2055 613 2118 qui
637 2064 833 2104 naturas
857 2055 1116 2104 hominum
1134 2055 1334 2118 vimque
1358 2072 1559 2105 omnem
1583 2056 1900 2106 humanitatis

243 2151 516 2198 causasque
540 2151 635 2195 eas,
657 2135 837 2198 quibus
862 2144 1052 2184 mentes
1076 2144 1160 2184 aut
1184 2135 1448 2185 incitantur
1464 2145 1549 2185 aut
1566 2138 1896 2198 reflectuntur,

242 2216 437 2279 penitus
456 2216 765 2279 perspexerit,
788 2216 1003 2266 dicendo
1022 2218 1158 2280 quod
1176 2218 1307 2266 volet
1326 2218 1558 2280 perficere
1576 2234 1679 2267 non
1703 2218 1894 2282 poterit.
1923 2240 1971 2281 25

167 2313 218 2354 54
243 2299 408 2359 Atque
462 2305 593 2346 totus
640 2296 721 2346 hic
778 2298 915 2345 locus
966 2297 1374 2360 philosophorum
1420 2297 1644 2361 proprius
1689 2299 1895 2360 videtur,

241 2389 404 2440 neque
445 2386 606 2427 orator
643 2394 723 2427 me
759 2387 958 2428 auctore
995 2394 1232 2441 umquam
1267 2378 1558 2442 repugnabit
1574 2397 1589 2440 3
1639 2382 1741 2440 sed,
1782 2397 1897 2430 cum

239 2457 332 2506 illis
368 2458 701 2520 cognitionem
736 2475 896 2508 rerum
933 2458 1242 2519 concesserit,
1269 2461 1406 2521 quod
1443 2458 1495 2508 in
1533 2476 1592 2509 ea
1628 2461 1790 2510 solum
1827 2461 1898 2510 illi

238 2536 480 2586 voluerint
521 2538 783 2597 elaborare,
827 2538 1167 2593 tractationem
1209 2538 1457 2599 orationis,
1499 2555 1628 2602 quae
1668 2539 1775 2590 sine
1813 2541 1896 2590 illa

239 2615 443 2665 scientia
483 2625 556 2665 est
593 2619 741 2677 nulla,
782 2616 874 2666 sibi
914 2619 1173 2678 adsumet;
1220 2619 1319 2667 hoc
1354 2618 1488 2667 enim
1529 2628 1604 2668 est
1642 2619 1894 2684 proprium
1917 2641 1971 2680 30,

239 2696 455 2756 oratoriS‚
497 2699 635 2760 quod
676 2714 821 2761 saepe
862 2698 959 2747 iam
998 2699 1112 2759 dixi,
1155 2699 1312 2748 oratio
1351 2699 1508 2762 gravis
1545 2708 1594 2750 et
1634 2709 1806 2750 ornata
1844 2703 1895 2751 et

157 2742 213 2857 ἑξ
239 2776 497 2825 hominum
528 2777 752 2827 sensibus
775 2794 835 2827 ac
867 2779 1115 2828 mentibus
1146 2782 1535 2830 accommodata.
1607 2781 1806 2843 Quibus
1828 2783 1895 2833 de

264 2915 271 2924 ³
289 2901 341 2941 M
353 2901 490 2941 =HE
650 2917 674 2953 4
704 2905 917 2954 propriam
938 2904 992 2944 M
1143 2907 1193 2944 16
1223 2906 1310 2958 his]
1343 2907 1395 2946 iis
1413 2906 1467 2945 H
1574 2919 1621 2957 17
1648 2907 1740 2960 his]
1771 2908 1897 2949 iis-H

239 2969 288 3005 19
316 2957 539 2996 maximam
557 2957 668 3008 vulg.
686 2971 694 2998 :
727 2959 906 2997 maxime
920 2958 1005 2996 ML
1207 2973 1255 2998 21
1290 2961 1342 2999 ad
1362 2961 1552 3000 dolorem
1573 2960 1610 2998 L
1632 2975 1640 3000 :
1669 2962 1722 3000 ad
1740 2974 1820 3002 om.
1841 2960 1897 3000 M

233 3023 286 3060 23
305 3023 412 3060 quae
427 3010 535 3050 codd.
553 3023 562 3051 :
583 3023 665 3060 qua
682 3024 727 3050 re
739 3012 1002 3052 Passeratius
1110 3015 1163 3052 26
1191 3015 1307 3063 atqui
1329 3027 1417 3054 recc.
1528 3028 1583 3066 30
1601 3015 1715 3055 enim
1735 3030 1818 3057 om.
1841 3014 1896 3054 M
