2060 3432
868 137 1272 188 PRAEFATIO

77 327 164 337 Ἴ
231 267 361 320 solim
385 284 474 335 per
497 271 703 322 mutilos
717 278 911 322 tantum
930 273 1130 323 codices
1150 271 1255 322 noti
1274 280 1439 327 essent
1464 271 1574 322 libri
1599 274 1663 323 de
1683 273 1903 333 Oratore,

167 367 180 423 J
234 355 370 408 felici
427 359 650 423 quodam
709 376 827 410 casu
886 361 1061 411 Laude
1119 359 1370 425 Pompeia
1417 360 1606 410 invenit
1658 362 1906 411 Gerardus

108 434 121 449 ⁶¹
233 445 550 498 Landrianus
591 447 856 514 episcopus
898 450 1125 500 codicem
1146 499 1150 502 ,
1174 451 1419 514 integrum
1467 450 1584 499 satis
1629 448 1903 513 antiquum,

235 548 388 598 quem
412 536 546 586 lectu
568 537 915 587 difficillimum
951 537 1300 606 Mediolanum
1328 538 1460 588 misit
1485 539 1550 588 ad
1576 539 1905 603 Gasparinum

234 621 498 684 Barzizam,
525 624 684 675 virum
717 623 769 675 id
802 627 1039 690 temporis
1070 626 1419 676 doctissimum
1456 634 1510 676 ut
1547 642 1664 677 suos
1701 627 1751 675 in
1788 642 1905 676 usus

233 718 498 763 excuteret.
570 713 673 775 Qui
706 712 831 763 liber
863 712 1113 764 nescimus
1146 730 1250 778 quo
1280 730 1402 764 casu
1435 731 1552 765 mox
1576 716 1732 779 periit.
1804 716 1905 765 Sed

233 796 370 848 brevi
394 806 552 850 totam
575 817 664 865 per
696 800 891 851 Italiam
925 804 1232 866 permanavit
1262 818 1472 867 magnus
1506 819 1740 853 numerus
1772 802 1906 853 codi-

230 901 347 936 cum
394 885 494 938 iam
541 889 859 954 integrorum.
932 890 1108 954 Qualis
1151 907 1268 942 vero
1309 891 1455 942 fuerit
1501 891 1731 942 adfinitas
1779 892 1904 941 inter

230 976 362 1027 hanc
397 977 595 1028 turbam
631 988 681 1030 et
715 980 945 1030 codicem
982 981 1139 1048 illum*
1159 981 1490 1042 Laudensem,
1525 989 1578 1030 ut
1615 979 1902 1041 Friedrichii

228 1064 392 1117 verbis
417 1075 538 1129 utar,
567 1068 719 1119 hodie
744 1069 795 1118 in
821 1068 1039 1119 tenebris
1073 1070 1193 1120 latet
1219 1077 1269 1119 et
1293 1068 1472 1134 opinor
1497 1085 1692 1134 semper
1715 1068 1901 1119 latebit.

230 1152 357 1205 Sunt
391 1154 478 1220 qui
513 1164 691 1221 putent
726 1158 930 1207 lacunas
966 1166 1160 1208 tantum
1194 1158 1414 1226 expletas
1447 1159 1627 1209 fuisse:
1669 1167 1786 1208 sunt
1817 1159 1902 1223 qui

228 1251 464 1295 censeant
488 1252 650 1295 toturn
675 1245 903 1297 codicem
931 1238 1339 1298 Mediolanenses
1371 1264 1545 1313 parum
1570 1246 1831 1312 diligenter
1854 1256 1903 1297 et

226 1348 423 1385 summa
455 1335 771 1395 festinatione
803 1337 1130 1401 exscripsisse.
1205 1338 1387 1401 Neque
1417 1344 1584 1386 tamen
1617 1344 1753 1386 tanta
1777 1334 1902 1386 inter

227 1421 428 1474 codices
452 1423 668 1488 integros
692 1433 850 1475 exstat
883 1424 1159 1476 similitudo
1192 1433 1247 1475 ut
1280 1423 1357 1475 his
1382 1425 1526 1477 facile
1557 1425 1817 1476 credamus
1843 1440 1902 1475 ex

156 1524 159 1527 ·
227 1525 331 1560 uno
354 1511 493 1562 fonte
517 1527 626 1562 esse
649 1511 898 1563 derivatos
920 1512 1316 1574 adfirmantibus.
1598 1575 1601 1577 ,
1658 1573 1661 1575 ,

224 1649 230 1653 ,
294 1599 438 1649 Duos
470 1607 639 1652 tamen
670 1599 770 1667 (P)
804 1599 1086 1651 Palatinum
1124 1604 1268 1670 1469,
1294 1610 1344 1652 et
1372 1600 1464 1669 (0)
1498 1601 1898 1654 Ottobonianum

229 1699 358 1750 2057
384 1702 500 1744 cum
528 1688 595 1738 ad
622 1689 939 1740 Laudensem
971 1691 1175 1756 propius
1207 1691 1446 1741 accedere
1479 1690 1739 1741 videantur
1771 1692 1899 1742 dele·

222 1773 386 1839 gimus
405 1777 546 1827 cuius
565 1777 807 1828 indicium
827 1777 1023 1844 saepius
1041 1780 1307 1831 citaremus
1326 1799 1336 1832 :
1367 1781 1507 1845 quod
1526 1797 1641 1831 cum
1660 1790 1899 1846 congruat

225 1862 584 1916 Friedrichium
610 1866 767 1921 secuti
792 1866 915 1932 siglo
938 1868 985 1917 L
1010 1868 1307 1920 notavimus.

291 1951 587 2006 Editionum
622 1964 847 2007 veterum
883 1958 1079 2022 vulgata
1114 1959 1264 2009 lectio
1297 1956 1470 2025 (vulg.)
1504 1959 1737 2010 codicum
1773 1957 1896 2010 inte-

220 2058 421 2107 grorum
472 2045 573 2095 fide
625 2044 811 2106 nititur,
866 2046 1064 2097 mendis
1117 2047 1402 2112 patentibus
1427 2037 1430 2040 ⁴
1451 2049 1689 2099 Italorum
1744 2050 1896 2098 ferme

221 2132 520 2184 coniecturis
550 2136 764 2197 amotis3
798 2151 893 2186 nec
925 2152 1106 2202 operae
1137 2136 1352 2203 pretium
1383 2137 1756 2204 essebduximus
1785 2137 1895 2202 quis

220 2218 408 2284 primus
433 2239 639 2274 manum
657 2225 907 2276 medicam
926 2227 1146 2277 attulerit
1164 2226 1432 2291 exquirere.
1496 2226 1757 2277 Difficilius
1776 2243 1895 2278 sane

220 2326 347 2375 opus
372 2321 476 2363 erat
499 2311 721 2364 iudicare
744 2323 911 2365 utrum
936 2315 1138 2367 codices
1171 2315 1332 2367 mutili
1356 2316 1507 2367 verba
1531 2333 1634 2367 non
1659 2318 1794 2366 nulla
1818 2316 1892 2366 in-

219 2397 354 2450 curia
380 2399 804 2453 omiserint—hoc
830 2404 964 2454 enim
991 2406 1147 2456 modo
1171 2404 1440 2457 sescenties
1465 2415 1726 2471 peccatum
1751 2414 1893 2456 est—-

213 2479 284 2539 'an
309 2489 608 2542 recentiores
633 2490 1066 2558 interpolationem
1092 2494 1223 2560 passi
1249 2494 1359 2546 sint.
1417 2497 1576 2545 Sensu
1601 2505 1768 2546 tamen
1789 2512 1891 2546 non

218 2587 527 2643 repugnante
568 2579 846 2632 breviorem
888 2582 990 2634 fere
1037 2583 1303 2634 lectionem
1352 2585 1562 2649 probare
1611 2570 1888 2645 maluimuS,

218 2665 451 2718 codicum
476 2667 648 2719 indole
670 2667 770 2720 iam
794 2671 1071 2721 accuratius
1096 2671 1307 2736 cognita.

285 2754 467 2820 Neque
501 2773 619 2807 vero
654 2758 707 2808 id
743 2757 932 2823 egimus
970 2769 1024 2811 ut
1065 2758 1290 2826 plenum‚'
1323 2763 1461 2826 quod
1499 2763 1652 2824 aiunt,
1691 2778 1889 2827 appara-

217 2853 323 2894 tum
347 2843 572 2896 criticum
599 2846 882 2899 efficiamus.
959 2851 1038 2901 Ne
1069 2851 1228 2900 mutili
1258 2850 1463 2915 quidem
1495 2851 1535 2901 si
1569 2851 1690 2916 quid
1716 2851 1888 2902 tituba-

216 2943 404 2995 verunt,
446 2943 500 2985 ut
539 2945 614 2986 est
656 2936 926 2988 scribarum
974 2941 1121 3003 plane
1161 2955 1265 2991 rem
1309 2939 1652 3001 nescientium,
1696 2957 1888 3005 semper

1032 3044 1063 3078 v
