2150 3444
756 163 850 211 DE
888 161 1227 212 ORATORE
1298 164 1321 210 I

217 301 294 350 Ac
329 297 371 350 si
407 315 513 359 nos,
548 299 599 350 id
637 301 773 364 quod
806 299 1015 349 maxime
1052 299 1215 358 debet,
1253 308 1419 349 nostra
1455 299 1610 363 patria
1646 302 1871 361 delectat,

216 378 356 430 cuius
378 378 448 429 rei
472 388 608 429 tanta
631 389 704 430 est
727 379 799 430 vis
833 396 893 429 ac
927 388 1063 429 tanta
1097 388 1282 439 natura,
1310 388 1363 429 ut
1400 380 1623 429 Ithacam
1656 380 1788 429 illam
1822 381 1872 430 in

213 458 489 524 asperrimis
513 459 691 510 saxulis
715 468 968 524 tamquam
999 458 1226 509 nidulum
1249 460 1462 509 adfixam
1486 459 1872 523 sapientissimus

214 537 287 589 vir
308 537 660 590 immortalitati
683 548 1018 603 anteponeret,
1040 556 1141 603 quo
1164 556 1332 590 amore
1356 540 1558 590 tandem
1582 539 1872 589 inflammati

167 638 192 681 5
213 634 322 670 esse
355 619 597 670 debemus
632 619 683 669 in
719 619 823 670 eius
859 619 997 670 modi
1030 618 1252 683 patriam,
1279 636 1407 683 quae
1438 637 1538 670 una
1565 619 1615 670 in
1640 620 1872 670 omnibus

213 698 350 750 terris
374 700 554 750 domus
582 707 655 750 est
678 698 881 760 virtutiS,
909 698 1096 763 imperi,
1123 698 1409 762 dignitatis?
1479 699 1633 751 Cuius
1658 700 1871 764 primum

213 778 358 830 nobis
395 796 550 840 mens,
588 797 712 840 mos,
738 779 998 844 disciplina
1034 788 1153 830 nota
1189 797 1297 830 esse
1333 780 1496 841 debet,
1534 782 1611 830 vel
1649 780 1765 845 quia
1799 790 1872 830 est

210 859 365 925 patria
403 876 580 925 parens
621 860 846 911 omnium
893 869 1130 922 nostrum,
1178 863 1255 911 vel
1302 861 1418 925 quia
1464 870 1599 910 tanta
1633 861 1873 925 sapientia

210 940 360 991 fuisse
390 940 442 991 in
474 941 578 991 iure
613 940 963 991 constituendo
998 943 1221 1004 putanda
1256 950 1330 991 est
1366 951 1550 1005 quanta
1586 941 1677 991 fuit
1708 941 1759 991 in
1795 941 1871 990 his

138 1041 190 1071 10
210 1021 358 1072 tantis
388 1021 567 1086 opibus
599 1022 773 1086 imperi
811 1022 1167 1086 comparandis.
1243 1022 1525 1086 Percipietis
1554 1022 1701 1073 etiam
1737 1022 1869 1072 illam

209 1118 270 1152 ex
292 1101 574 1167 cognitione
609 1102 724 1153 iuris
763 1102 997 1152 laetitiam
1033 1112 1082 1152 et
1104 1105 1423 1166 voluptatem,
1450 1105 1600 1167 quod,
1628 1113 1868 1167 quantum

208 1182 534 1247 praestiterint
568 1184 722 1234 nostri
758 1184 966 1234 maiores
1001 1184 1263 1247 prudentia
1298 1184 1470 1233 ceteris
1493 1184 1735 1247 gentibus,
1762 1193 1867 1233 tum

207 1262 438 1314 facillime
462 1263 768 1328 intellegetis,
796 1264 836 1314 si
862 1264 977 1314 eum
1002 1264 1197 1314 illorum
1233 1266 1458 1327 Lycurgo
1482 1273 1530 1313 et
1557 1267 1786 1313 Dracone
1819 1272 1867 1312 et

207 1345 392 1394 Solone
437 1354 628 1395 nostras
674 1346 806 1408 leges
853 1347 1073 1395 conferre
1119 1343 1399 1405 volueritis3
1456 1344 1742 1394 incredibile
1794 1353 1867 1393 est

137 1443 183 1486 ¹5
206 1424 359 1486 enim,
381 1442 531 1490 quam
556 1425 618 1476 sit
642 1443 792 1476 omne
824 1426 899 1476 ius
932 1426 1074 1476 civile
1108 1435 1297 1489 praeter
1329 1427 1425 1475 hoc
1454 1435 1676 1476 nostrum
1700 1424 1868 1474 incon-

206 1505 366 1556 ditum
383 1523 443 1556 ac
456 1523 615 1570 paene
634 1506 895 1557 ridiculum
912 1525 926 1568 3
950 1508 1013 1557 de
1029 1523 1129 1570 quo
1148 1508 1303 1555 multa
1321 1507 1457 1556 soleo
1482 1505 1532 1555 in
1557 1504 1866 1555 sermonibus

205 1586 466 1637 cotidianis
512 1587 690 1648 dicere,
739 1596 853 1637 cum
900 1587 1159 1638 hominum
1214 1595 1493 1637 nostrorum
1553 1585 1866 1650 prudentiam

205 1667 378 1718 ceteris
402 1668 634 1718 omnibus
659 1678 708 1718 et
744 1668 955 1718 maxime
992 1667 1192 1718 Graecis
1224 1676 1487 1730 antepono.
1563 1666 1660 1715 His
1685 1682 1777 1730 ego
1802 1667 1865 1715 de

203 1747 364 1797 causis
410 1747 642 1808 dixeram,
688 1751 936 1808 Scaevola,
981 1748 1064 1808 eis,
1115 1746 1199 1811 qui
1246 1747 1448 1810 perfecti
1495 1756 1710 1796 oratores
1758 1762 1865 1795 esse

131 1849 182 1878 20
201 1829 396 1889 vellent,
423 1828 539 1878 iuris
563 1828 717 1879 civilis
742 1847 848 1879 esse
874 1828 1206 1893 cognitionem
1232 1827 1568 1878 necessariam.

271 1910 381 1958 Iam
425 1925 542 1959 vero
588 1909 695 1973 ipsa
739 1926 826 1973 per
877 1926 984 1959 sese
1031 1917 1272 1973 quantum
1319 1909 1505 1958 adferat
1553 1907 1635 1968 eiS,
1686 1907 1771 1972 qui
1819 1907 1864 1956 ei

201 1998 447 2052 praesunt,
474 1989 690 2051 honoris,
716 1990 911 2054 gratiae,
939 1989 1202 2054 dignitatis,
1231 1988 1339 2052 quis
1372 1988 1600 2052 ignorat?
1671 1991 1861 2052 Itaque,

201 2078 256 2120 ut
289 2072 425 2135 apud
457 2073 675 2121 Graecos
707 2071 863 2120 infimi
901 2071 1129 2121 homines
1178 2071 1459 2120 mercedula
1495 2069 1698 2120 adducti
1726 2069 1864 2118 mini-

200 2159 325 2202 stros
353 2167 407 2202 se
438 2152 676 2216 praebent
714 2151 765 2201 in
807 2152 1000 2202 iudiciis
1039 2151 1327 2211 oratoribuS,
1369 2150 1426 2211 ei,
1462 2150 1547 2214 qui
1582 2152 1717 2214 apud
1753 2150 1861 2201 illos

127 2256 174 2298 ²5
197 2234 514 2299 πραγματικοί
531 2242 782 2293 vocantur,
809 2233 879 2282 sic
916 2233 966 2282 in
1004 2242 1170 2282 nostra
1207 2231 1401 2281 civitate
1433 2241 1604 2281 contra
1626 2231 1862 2295 amplissi-

198 2329 309 2363 mus
344 2312 554 2378 quisque
590 2323 640 2364 et
681 2314 975 2364 clarissimus
1012 2313 1097 2374 vir,
1138 2323 1191 2363 ut
1232 2313 1326 2373 ille,
1368 2312 1453 2376 qui
1494 2321 1693 2376 propter
1732 2314 1861 2362 hanc

197 2392 314 2444 iuris
338 2393 493 2445 civilis
516 2394 772 2446 scientiam
798 2394 868 2444 sic
891 2397 1164 2458 appellatus
1189 2411 1218 2443 a
1242 2410 1439 2443 summo
1462 2402 1610 2457 poeta
1633 2402 1735 2443 est:

398 2475 589 2540 egregie
625 2477 853 2526 cordatus
889 2478 1056 2536 homo,
1095 2485 1232 2525 catus
1267 2474 1438 2525 Aelius
1475 2477 1663 2534 Sextus,

196 2555 439 2622 multique
475 2566 738 2620 praeterea,
779 2556 878 2621 qui,
920 2574 1034 2607 cum
1071 2555 1270 2620 ingenio
1318 2555 1411 2606 sibi
1458 2566 1659 2606 auctore
1705 2555 1858 2620 digni-

122 2657 174 2698 ³0
196 2645 348 2687 tatem
407 2638 725 2703 peperissent,
774 2640 1082 2702 perfecerunt
1133 2647 1188 2688 ut
1241 2637 1291 2686 in
1346 2639 1696 2702 respondendo
1755 2636 1858 2687 iure

193 2717 484 2770 auctoritate
514 2721 626 2784 plus
664 2718 811 2769 etiam
844 2735 994 2784 quam
1028 2718 1136 2783 ipso
1172 2717 1371 2782 ingenio
1407 2719 1635 2768 valerent.
1711 2720 1858 2768 Sene-

247 2860 303 2900 29
340 2852 512 2889 auctore
553 2847 799 2897 dignitatem
834 2846 973 2886 codd.:
1024 2846 1318 2887 auctoritatem
1360 2845 1601 2886 Manutius:
1640 2851 1855 2886 auctorum

192 2901 441 2953 dignitatem
454 2900 646 2942 Muther:
669 2907 843 2941 auctore
856 2900 1084 2942 deleverunt
1097 2899 1184 2941 edd.
1202 2913 1284 2940 non
1305 2901 1413 2940 nulli
1559 2912 1615 2950 30
1644 2902 1856 2952 repperis-

191 2961 290 2997 sent
303 2955 416 2998 codd.
438 2970 449 2997 :
477 2969 576 2997 corr.
608 2955 807 2996 Matthiae

245 3037 326 3067 cxc.
351 3036 408 3066 nt
422 3036 552 3066 oRAr.
1664 3023 1688 3061 4

1897 178 1967 227 44
1986 176 2056 226 196

1902 307 1979 362 196

1901 1038 1976 1083 197

1890 1887 1956 1934 45

1897 1964 1971 2015 198

1890 2732 1965 2774 199
