2150 3444
162 163 216 199 21
235 161 281 201 81

224 409 288 444 22

235 476 284 514 82

768 153 836 200 M.
877 151 1086 200 TVLLI
1125 152 1508 202 CICERONIS

312 290 389 350 sit,
415 299 467 340 ut
492 290 721 341 omnibus
747 289 1152 354 philosophorum
1178 288 1323 350 libris,
1352 305 1476 352 quos
1502 305 1650 338 nemo
1679 286 1968 357 [oratorum]

311 368 514 418 istorum
540 387 775 434 umquam
799 369 967 434 attigit,
996 371 1352 433 comprehensa
1376 386 1482 419 esse
1506 368 1757 421 videatur.'

377 452 510 500 Tum
557 452 760 502 Catulus
812 451 1221 513 ‘haudquaquam
1268 451 1466 499 hercule
1484 451 1495 473 ’
1542 448 1701 514 inquit
1747 453 1761 478 ‘
1777 452 1966 511 Crasse,

310 529 587 580 mirandum
624 539 696 580 est
734 548 839 580 esse
876 530 926 578 in
962 540 1009 579 te
1045 539 1231 580 tantam
1267 528 1467 580 dicendi
1502 531 1579 579 vel
1615 530 1714 580 vim
1748 532 1825 581 vel
1865 547 1972 581 sua-

308 609 508 660 vitatem
543 612 620 660 vel
656 611 880 675 copiam;
928 628 1075 674 quem
1112 611 1313 675 quidem
1349 620 1493 660 antea
1528 619 1702 661 natura
1735 611 1877 661 rebar
1903 610 1971 662 ita
1991 627 2014 671 5

308 690 486 752 dicere,
511 699 565 740 ut
591 690 710 740 mihi
734 708 835 740 non
861 692 1020 740 solum
1049 699 1210 741 orator
1241 707 1479 751 summuS,
1505 692 1592 740 sed
1611 690 1758 741 etiam
1782 689 1971 755 sapien-

307 770 521 820 tissimus
547 773 699 821 homo
722 771 938 821 viderere
955 789 968 832 3
1016 788 1148 820 nunc
1173 769 1402 835 intellego
1427 770 1509 820 illa
1533 779 1581 820 te
1605 787 1798 835 semper
1821 770 1968 821 etiam

306 851 497 914 potiora
521 852 732 913 duxisse,
759 869 885 915 quae
908 853 973 901 ad
997 851 1285 916 sapientiam
1319 861 1608 915 spectarent,
1635 860 1784 916 atque
1807 868 1868 901 ex
1892 850 1968 902 his

305 933 433 980 hanc
452 932 651 982 dicendi
670 931 864 995 copiam
891 931 1098 995 fluxisse.
1152 934 1249 982 Sed
1275 941 1439 982 tamen
1464 949 1578 981 cum
1603 931 1763 982 omnis
1786 933 1966 997 gradus

304 1012 475 1062 aetatis
516 1014 744 1062 recordor
781 1021 893 1061 tuae
935 1029 1148 1076 cumque
1185 1013 1335 1062 vitam
1377 1022 1512 1061 tuam
1557 1030 1616 1062 ac
1653 1012 1817 1064 studia
1850 1030 1965 1063 con·
1987 1031 2038 1062 ιο

304 1092 479 1154 sidero,
507 1110 682 1156 neque,
710 1110 810 1157 quo
840 1102 1059 1157 tempore
1091 1093 1182 1142 ista
1214 1092 1455 1153 didiceris,
1482 1092 1640 1153 video,
1668 1109 1761 1142 nec
1784 1109 1966 1157 magno

305 1191 452 1238 opere
488 1182 535 1223 te
571 1173 674 1223 istis
710 1174 900 1235 studiis,
936 1173 1236 1235 hominibus,
1277 1173 1411 1222 libris
1452 1173 1683 1237 intellego
1723 1173 1964 1224 deditum.

305 1256 483 1318 Neque
519 1263 685 1303 tamen
720 1271 922 1318 possum
958 1263 1181 1315 statuere,
1219 1263 1382 1303 utrum
1419 1252 1572 1317 magis
1607 1253 1753 1303 mirer
1785 1262 1834 1304 te
1869 1254 1963 1315 illa,

305 1353 431 1399 quae
471 1335 590 1384 mihi
628 1337 892 1399 persuades
930 1335 1141 1384 maxima
1176 1352 1282 1385 esse
1316 1334 1618 1396 adiumenta,
1659 1334 1878 1399 potuisse
1914 1334 1966 1384 in

304 1416 450 1465 tantis
493 1416 587 1466 tuis
626 1416 1032 1480 occupationibus
1073 1416 1360 1480 perdiscere,
1399 1433 1475 1476 an,
1516 1415 1556 1464 si
1592 1432 1695 1466 non
1732 1415 1963 1479 potueris,
1990 1433 2037 1474 15

228 1500 279 1550 83
304 1513 449 1559 posse
496 1496 591 1546 isto
639 1498 791 1546 modo
838 1496 1030 1546 dicere.'
1101 1496 1203 1545 Hic
1243 1497 1446 1547 Crassus
1493 1497 1615 1545 ‘hoc
1652 1495 1768 1546 tibi'
1805 1495 1966 1561 inquit

221 2707 270 2756 85

306 1580 317 1602 ‘
335 1578 524 1637 Catule,
566 1576 778 1640 primum
819 1579 1113 1641 persuadeas
1154 1576 1314 1637 velim,
1356 1593 1436 1626 me
1476 1593 1578 1626 non
1625 1578 1783 1626 multo
1823 1593 1965 1627 secus

301 1658 473 1717 facere,
501 1674 615 1707 cum
651 1660 714 1708 de
750 1667 940 1707 oratore
976 1657 1236 1722 disputem,
1267 1674 1326 1707 ac
1358 1659 1582 1719 facerem,
1611 1657 1651 1707 si
1683 1665 1812 1707 esset
1842 1657 1965 1709 mihi

300 1738 364 1787 de
405 1737 640 1787 histrione
682 1738 962 1788 dicendum.
1036 1740 1283 1802 Negarem
1324 1738 1457 1788 enim
1500 1755 1645 1803 posse
1691 1756 1807 1789 eum
1847 1739 1963 1790 satis

299 1819 458 1867 facere
503 1818 552 1866 in
606 1827 758 1881 gestu,
809 1818 902 1867 nisi
956 1821 1259 1882 palaestram,
1311 1816 1404 1868 nisi
1457 1821 1631 1869 saltare
1676 1818 1963 1879 didicisset3
1986 1834 2038 1863 20

299 1915 473 1962 neque,
503 1916 561 1948 ea
593 1915 707 1948 cum
740 1899 968 1959 dicerem,
1005 1917 1085 1948 me
1121 1917 1227 1949 esse
1262 1899 1551 1949 histrionem
1582 1917 1793 1955 necesse
1816 1909 1958 1960 esset,

300 1981 388 2028 sed
445 1981 649 2029 fortasse
707 1997 808 2029 non
867 1982 1069 2028 stultum
1127 1980 1272 2029 alieni
1333 1979 1506 2029 artifici
1563 1980 1955 2030 existimatorem.

301 2060 530 2110 Similiter
568 2077 700 2109 nunc
738 2062 800 2110 de
848 2070 1037 2109 oratore
1078 2069 1237 2109 vestro
1279 2060 1493 2124 impulsu
1533 2063 1722 2124 loquor,
1763 2078 1959 2111 summo

299 2141 513 2202 scilicet,
564 2158 756 2205 semper
802 2141 947 2201 enim,
993 2159 1305 2204 quacumque
1347 2144 1410 2191 de
1450 2151 1552 2191 arte
1598 2151 1683 2191 aut
1728 2144 1959 2192 facultate

298 2221 557 2284 quaeritur,
593 2225 655 2271 de
690 2223 915 2271 absoluta
950 2231 998 2271 et
1032 2225 1246 2286 perfecta
1283 2223 1450 2286 quaeri
1486 2225 1621 2272 solet.
1697 2225 1811 2285 Qua
1837 2240 1889 2272 re
1917 2223 1958 2272 si
1984 2243 2029 2283 25

298 2302 394 2350 iam
421 2319 501 2351 me
524 2301 668 2351 vultis
694 2319 800 2352 esse
834 2311 1089 2364 oratorem,
1118 2302 1157 2351 si
1187 2302 1334 2352 etiam
1368 2312 1440 2352 sat
1469 2303 1675 2365 bonum,
1700 2303 1740 2352 si
1768 2304 1957 2355 bonum

298 2382 527 2447 denique,
572 2400 673 2432 non
714 2385 998 2448 repugnabo
1017 2402 1032 2444 3
1081 2383 1200 2447 quid
1243 2385 1375 2433 enim
1416 2402 1550 2434 nunc
1590 2384 1682 2434 sim
1723 2384 1961 2448 ineptus?

300 2466 376 2513 Ita
401 2481 479 2513 me
505 2464 767 2514 existimari
792 2466 893 2515 scio
914 2486 923 2516 :
961 2467 1097 2529 quod
1122 2465 1162 2514 si
1186 2466 1252 2515 ita
1277 2475 1363 2527 est,
1391 2482 1612 2515 summus
1637 2475 1802 2516 tamen
1827 2475 1957 2516 certe

297 2561 398 2593 non
423 2561 532 2594 sum
552 2564 566 2606 3
608 2563 769 2610 neque
802 2545 934 2595 enim
970 2548 1104 2610 apud
1139 2546 1365 2596 homines
1397 2563 1471 2596 res
1497 2555 1572 2596 est
1594 2548 1693 2595 ulla
1716 2545 1957 2596 difficilior

297 2642 458 2688 neque
496 2626 650 2676 maior
687 2644 849 2691 neque
885 2644 1011 2691 quae
1047 2629 1186 2691 plura
1219 2627 1504 2677 adiumenta
1540 2626 1793 2677 doctrinae
1833 2625 1956 2676 desi-
1977 2644 2035 2684 302

297 2705 444 2754 deret.
518 2709 594 2755 Ac
622 2716 801 2768 tamen,
829 2706 1063 2770 quoniam
1099 2708 1163 2757 de
1198 2716 1387 2757 oratore
1422 2706 1566 2756 nobis
1601 2706 1953 2771 disputandum

355 2846 371 2871 1
405 2839 617 2874 oratorum
642 2835 750 2876 codd.
775 2835 860 2875 secl.
887 2835 1161 2875 Henn‘chsenz
1203 2836 1420 2875 rhetorum
1440 2835 1585 2875 Pearce
1821 2840 1869 2885 15
1897 2847 1953 2875 an

293 2888 402 2938 vulg.
424 2902 431 2926 :
463 2902 512 2927 ac
533 2889 644 2928 codd.
848 2891 900 2928 28
930 2889 1160 2929 existimari
1179 2891 1289 2942 vulg.
1312 2904 1321 2930 :
1351 2890 1595 2930 existimare
1614 2888 1725 2930 codd.
1747 2901 1831 2929 non
1849 2889 1958 2929 nulli

292 2954 341 2992 31
373 2940 436 2980 Ac
457 2942 604 2993 Soros:
633 2949 676 2982 at
696 2944 806 2983 codd.
