2150 3444
102 147 167 195 82
186 166 266 207 334

184 856 263 899 335

178 1653 257 1704 336

179 2061 255 2104 337

748 149 819 195 M.
859 148 1070 194 TVLLI
1109 146 1489 196 CICERONIS

287 299 487 333 omnem
511 283 611 332 vim
635 283 869 333 orationis
893 292 941 332 et
965 282 1249 346 gravitatem
1273 281 1655 346 varietatemque
1677 283 1936 334 desiderati

287 365 419 427 Ergo
444 363 495 412 in
528 365 785 414 suadendo
813 363 935 412 nihil
968 371 1042 412 est
1074 361 1337 426 optabilius
1369 378 1519 425 quam
1547 362 1788 427 dignitas3
1821 381 1939 413 nam

287 443 372 506 qui
397 444 656 494 utilitatem
680 444 816 508 petit,
844 460 946 492 non
972 443 1092 506 quid
1118 442 1329 491 maxime
1352 442 1469 491 velit
1498 459 1678 502 suasor,
1706 445 1794 494 sed
1817 443 1939 507 quid

285 523 533 573 interdum
575 524 727 588 magis
767 532 1010 587 sequatur,
1051 523 1197 572 videt.
1289 524 1455 572 Nemo
1501 532 1576 572 est
1621 522 1767 583 enim,
1807 540 1940 587 prae-

287 603 453 653 sertim
477 604 529 652 in
553 613 653 653 tam
679 607 808 654 clara
832 603 1038 663 civitate,
1068 603 1188 666 quin
1213 612 1352 666 putet
1377 604 1704 666 expetendam
1728 603 1940 653 maxime
1962 617 1988 660 5

285 683 589 748 dignitatem,
627 686 715 735 sed
750 684 901 734 vincit
935 684 1117 733 utilitas
1158 686 1460 747 plerumque,
1501 700 1614 733 cum
1655 684 1824 733 subest
1857 683 1940 734 ille

286 763 432 814 timor
471 781 530 814 ea
575 767 798 829 neglecta
844 781 908 814 ne
953 764 1242 828 dignitatem
1289 763 1491 827 quidem
1536 780 1684 827 posse
1727 763 1935 814 retineri.

288 845 633 894 Controversia
671 854 838 894 autem
879 853 953 893 est
990 844 1116 893 inter
1155 844 1415 893 hominum
1457 843 1722 893 sententias
1761 853 1847 894 aut
1886 843 1938 893 in

285 923 383 984 illo,
411 933 574 974 utrum
599 924 661 973 sit
685 925 882 985 utilius3
915 933 1000 973 aut
1025 924 1185 984 etiam,
1214 941 1328 973 cum
1357 925 1408 973 id
1441 924 1684 984 convenit,
1712 933 1934 985 certatur,

284 1013 447 1053 utrum
479 1005 725 1054 honestati
759 1004 922 1068 potius
957 1022 1022 1054 an
1057 1004 1253 1054 utilitati
1287 1007 1648 1055 consulendum
1683 1005 1745 1055 sit
1760 1024 1775 1068 3
1808 1022 1937 1070 quae
1961 1021 2014 1052 10

282 1084 399 1147 quia
416 1101 634 1150 pugnare
652 1085 778 1134 inter
797 1102 849 1135 se
868 1102 1014 1148 saepe
1038 1085 1279 1145 videntur,
1299 1085 1384 1148 qui
1408 1085 1667 1136 utilitatem
1685 1087 1933 1146 defendet,

282 1165 591 1215 enumerabit
627 1167 894 1215 commoda
927 1165 1076 1229 pacis,
1109 1182 1275 1229 opum,
1311 1165 1575 1229 potentiae,
1609 1166 1937 1231 vectigalium,

283 1245 493 1309 praesidi
529 1245 754 1306 militum,
799 1255 1071 1296 ceterarum
1106 1263 1281 1305 rerum,
1323 1262 1531 1309 quarum
1566 1247 1779 1296 fructum
1812 1246 1939 1297 utili-

282 1333 381 1374 tate
418 1326 659 1386 metimur,
698 1326 917 1390 itemque
954 1326 1276 1376 incommoda
1316 1326 1705 1388 contrariorum3
1751 1326 1837 1392 qui
1870 1328 1936 1378 ad

281 1404 570 1468 dignitatem
610 1405 829 1470 impellit,
858 1405 1100 1455 maiorum
1129 1408 1366 1471 exempla,
1395 1422 1522 1470 quae
1554 1415 1691 1457 erant
1714 1408 1792 1458 vel
1819 1424 1934 1458 cum
1961 1425 2010 1468 15

279 1485 500 1548 periculo
534 1487 759 1550 gloriosa,
794 1487 1021 1551 conliget,
1059 1486 1355 1550 posteritatis
1390 1486 1718 1539 immortalem
1752 1505 1938 1540 memo-

279 1565 401 1614 riam
424 1566 638 1630 augebit,
665 1566 926 1616 utilitatem
951 1584 1011 1616 ex
1033 1569 1180 1617 laude
1212 1567 1349 1617 nasci
1379 1569 1614 1619 defendet
1645 1586 1938 1635 semperque

280 1663 390 1696 earn
415 1664 529 1696 cum
553 1648 792 1711 dignitate
815 1665 924 1698 esse
955 1649 1288 1699 coniunctam.
1361 1651 1461 1700 Sed
1490 1650 1611 1715 quid
1643 1651 1748 1701 fieri
1779 1651 1936 1716 possit

278 1738 363 1777 aut
403 1746 506 1779 non
546 1730 701 1793 possit
737 1730 958 1794 quidque
995 1731 1143 1780 etiarn
1179 1731 1241 1780 sit
1275 1748 1478 1782 necesse
1511 1740 1597 1782 aut
1630 1749 1734 1784 non
1770 1732 1846 1794 sit,
1882 1732 1935 1782 in

279 1818 485 1873 utraque
516 1827 567 1859 re
596 1810 810 1860 maxime
841 1820 916 1861 est
943 1813 1283 1875 quaerendum
1299 1830 1315 1874 3
1348 1812 1579 1863 inciditur
1610 1813 1743 1863 enim
1771 1814 1933 1864 omnis
1957 1830 2011 1860 20

281 1887 420 1956 [iam]
446 1890 748 1951 deliberatiO,
776 1891 818 1940 si
845 1891 1141 1956 intellegitur
1168 1910 1271 1942 non
1301 1909 1448 1956 posse
1470 1893 1575 1942 fieri
1597 1902 1682 1943 aut
1705 1894 1746 1943 si
1769 1911 1935 1944 neces-

279 1969 394 2019 sitas
417 1973 633 2021 adfertur
649 1990 664 2034 3
699 1982 750 2022 et
772 1973 859 2036 qui
882 1973 935 2023 id
958 1973 1130 2023 docuit
1153 1991 1256 2023 non
1273 1973 1555 2024 videntibus
1578 1973 1699 2034 aliis,
1725 1974 1766 2023 is
1790 1974 1935 2038 pluri-

278 2068 415 2100 mum
451 2052 585 2102 vidit.
663 2055 749 2103 Ad
789 2054 1052 2104 consilium
1090 2064 1258 2105 autem
1292 2056 1357 2105 de
1391 2072 1443 2105 re
1476 2054 1676 2119 publica
1708 2057 1931 2106 dandum

278 2142 426 2196 caput
450 2143 524 2183 est
547 2151 695 2185 nosse
719 2153 822 2185 rem
851 2135 1134 2199 publicam3
1167 2138 1233 2186 ad
1261 2136 1529 2186 dicendum
1558 2152 1674 2186 vero
1704 2137 1932 2200 probabi-

276 2212 385 2261 liter
407 2230 554 2264 nosse
578 2232 738 2265 mores
772 2215 991 2276 civitatis,
1019 2216 1105 2280 qui
1133 2216 1250 2280 quia
1281 2217 1454 2266 crebro
1485 2225 1747 2276 mutantur,
1773 2234 1929 2281 genus
1951 2233 2002 2274 25

277 2310 476 2358 quoque
508 2295 741 2346 orationis
774 2305 848 2345 est
881 2313 1028 2361 saepe
1055 2299 1382 2358 mutandum3
1417 2306 1466 2346 et
1497 2313 1799 2361 quamquam
1830 2315 1930 2348 una

275 2375 376 2423 fere
412 2374 483 2424 vis
530 2385 604 2425 est
650 2376 975 2440 eloquentiae,
1017 2387 1184 2427 tamen
1221 2377 1338 2441 quia
1378 2394 1572 2427 summa
1609 2377 1820 2442 dignitas
1857 2389 1931 2428 est

275 2455 460 2518 populi,
496 2457 779 2520 gravissima
814 2475 962 2507 causa
996 2458 1065 2508 rei
1100 2458 1341 2523 publicae,
1378 2459 1577 2508 maximi
1611 2468 1775 2509 motus
1809 2462 1932 2510 mul-

276 2535 512 2597 titudinis,
550 2555 704 2601 genus
743 2555 944 2603 quoque
985 2539 1185 2590 dicendi
1222 2540 1454 2604 grandius
1492 2542 1745 2604 quoddam
1777 2549 1827 2591 et
1861 2540 1932 2591 in-

331 2664 384 2703 M
400 2686 434 2699 =
455 2666 594 2705 AEH
698 2682 723 2717 3
753 2675 902 2719 putant
920 2668 957 2706 L
974 2684 982 2709 :
1014 2675 1134 2719 putat
1154 2683 1244 2710 recc.
1356 2682 1382 2719 5
1411 2676 1497 2709 tam
1515 2683 1599 2711 om.
1617 2669 1670 2708 M
1774 2683 1928 2721 expec-

277 2721 444 2759 tandam
465 2720 518 2758 M
620 2735 648 2771 9
667 2723 766 2772 quid
788 2723 1011 2763 conveniat
1030 2722 1085 2761 M
1192 2736 1236 2763 11
1259 2724 1516 2773 aequitatem
1537 2723 1592 2762 M
1710 2738 1758 2763 12
1777 2730 1926 2775 poten-

276 2774 357 2813 tiae
377 2775 582 2823 pecuniae
601 2775 639 2813 L
660 2777 772 2828 vulg.
888 2789 937 2826 13
968 2777 1168 2817 utilitates
1189 2777 1262 2817 del.
1286 2776 1509 2817 Manutius
1629 2791 1678 2828 14
1706 2779 1928 2819 metiamur

274 2826 346 2865 H:
378 2829 572 2868 metimus
595 2828 648 2867 H
664 2843 798 2882 marg.
823 2830 899 2882 Ay
919 2843 972 2880 32
1140 2844 1189 2880 15
1217 2831 1405 2883 impellet
1433 2830 1471 2869 L
1492 2831 1603 2883 vulg.
1775 2845 1826 2883 19
1852 2838 1927 2872 aut

275 2893 362 2919 non
383 2883 516 2930 possit
537 2896 618 2923 om.
645 2882 699 2922 M
859 2898 907 2923 21
940 2886 1022 2924 iam
1043 2898 1126 2925 om.
1151 2884 1206 2924 M
1348 2898 1402 2936 23
1429 2886 1543 2925 videt
1563 2884 1617 2924 M
1773 2897 1826 2937 25
1852 2886 1927 2937 qui

274 2947 356 2975 om.
380 2935 433 2973 M
