2150 3444
786 129 882 178 DE
919 127 1261 179 ORATORE
1333 129 1417 177 111
1955 137 2020 190 35
2041 144 2115 190 141

263 285 525 334 rerumque
576 267 912 333 cognitionem
971 284 1085 317 cum
1140 266 1375 317 orationis
1422 266 1770 317 exercitatione
1817 285 1931 317 con-

261 348 431 402 iunxit.
540 353 720 415 Neque
785 367 901 399 vero
959 351 1057 399 hoc
1114 349 1236 413 fugit
1293 347 1712 412 sapientissimum
1765 366 1929 413 regem

263 433 563 498 Philippum,
614 433 699 497 qui
752 434 886 482 hunc
934 433 1216 481 Alexandro
1235 438 1242 443 '
1263 430 1366 478 filio
1412 431 1670 479 doctorem
1715 429 1927 490 accierit,

261 532 292 565 a
315 531 418 579 quo
442 517 622 565 eodem
647 514 730 564 ille
754 523 803 564 et
827 513 1006 578 agendi
1024 512 1269 576 acciperet
1283 521 1546 575 praecepta
1569 520 1618 560 et
1643 512 1925 575 eloquendi.

214 611 237 651 5
264 599 415 648 Nunc
447 597 550 647 sive
585 596 671 661 qui
703 597 853 657 volet,
876 612 991 644 eum
1027 595 1395 659 philosophum,
1428 593 1514 657 qui
1550 592 1746 656 copiam
1782 593 1928 642 nobis
1956 605 2029 646 142

262 696 424 730 rerum
453 678 788 741 orationisque
821 678 997 737 tradat,
1021 693 1110 740 per
1143 692 1224 725 me
1255 677 1472 739 appellet
1503 684 1749 724 oratorem
1785 675 1929 736 licet,

263 761 364 810 sive
399 762 535 809 hunc
575 769 834 820 oratorem,
879 775 1029 821 quem
1071 774 1164 821 ego
1210 757 1326 807 dico
1368 756 1661 821 sapientiam
1709 757 1930 806 iunctam

262 842 447 892 habere
503 839 837 905 eloquentiae,
888 838 1243 903 philosophum
1295 840 1543 903 appellare
1603 840 1766 898 malet,
1829 855 1931 887 non

261 922 531 987 impediam
550 940 564 983 ;
598 923 721 971 dum
758 922 911 970 modo
948 923 1045 970 hoc
1080 929 1287 981 constet,
1314 937 1479 984 neque
1514 919 1772 969 infantiam
1808 920 1928 979 eiuS,

189 1024 241 1055 ιο
262 1003 349 1068 qui
383 1020 488 1054 rem
520 1002 668 1064 norit,
691 1003 780 1052 sed
805 1019 916 1052 eam
940 1002 1183 1065 explicare
1207 1001 1425 1052 dicendo
1450 1018 1552 1051 non
1577 1010 1739 1066 queat,
1767 1019 1932 1065 neque

261 1084 573 1136 inscientiam
608 1085 752 1146 illius,
788 1084 867 1134 cui
905 1101 981 1134 res
1016 1101 1120 1133 non
1156 1092 1404 1148 suppetat,
1425 1084 1576 1133 verba
1610 1099 1713 1132 non
1749 1083 1931 1145 desint,

261 1184 370 1217 esse
399 1168 736 1229 laudandam3
769 1183 980 1231 quorum
1020 1166 1059 1215 si
1097 1168 1305 1215 alterum
1338 1166 1400 1215 sit
1429 1166 1725 1230 optandum,
1760 1165 1930 1214 malim

261 1249 495 1314 equidem
523 1247 810 1299 indisertam
835 1248 1149 1312 prudentiam
1173 1264 1325 1311 quam
1356 1246 1613 1296 stultitiam
1637 1249 1899 1310 loquacem
1916 1265 1932 1307 3

263 1331 341 1381 sin
364 1329 648 1396 quaerimus
670 1330 794 1394 quid
816 1345 974 1378 unum
993 1330 1199 1379 excellat
1223 1346 1283 1378 ex
1306 1328 1553 1388 omnibuS,
1572 1329 1725 1378 docto
1748 1327 1930 1378 oratori
1956 1346 2032 1389 143

194 1434 242 1477 15
265 1414 432 1478 palma
465 1413 634 1462 danda
667 1421 743 1461 est
759 1430 774 1475 ;
808 1428 959 1476 quem
996 1414 1035 1462 si
1082 1410 1336 1476 patiuntur
1370 1412 1588 1460 eundem
1630 1426 1739 1459 esse
1775 1409 1935 1474 philo-

265 1495 495 1559 sophum,
535 1493 730 1543 sublata
765 1491 1099 1542 controversia
1135 1500 1239 1554 est,
1281 1491 1358 1540 sin
1397 1507 1483 1541 eos
1522 1490 1799 1554 diiungent,
1835 1491 1934 1541 hoc

263 1583 406 1625 erunt
451 1574 724 1637 inferioreS,
767 1575 906 1638 quod
951 1573 1003 1622 in
1050 1582 1243 1622 oratore
1288 1575 1508 1638 perfecto
1560 1572 1689 1622 inest
1736 1572 1933 1623 illorum

262 1656 426 1706 omnis
464 1655 688 1717 scientia,
733 1655 786 1704 in
831 1654 1246 1723 philosophorum
1287 1663 1455 1704 autem
1502 1653 1788 1718 cognitione
1827 1671 1932 1704 non

261 1738 503 1790 continuo
538 1738 667 1788 inest
704 1736 1019 1801 eloquentia3
1054 1753 1183 1800 quae
1220 1735 1446 1799 quamvis
1485 1743 1833 1785 contemnatur
1865 1736 1931 1785 ab

188 1837 241 1868 πο
261 1819 352 1883 eiS,
386 1837 591 1871 necesse
638 1828 713 1870 est
747 1829 916 1870 tamen
956 1818 1175 1882 aliquem
1213 1820 1470 1867 cumulum
1512 1817 1708 1866 illorum
1744 1817 1931 1867 artibus

259 1904 452 1953 adferre
475 1901 729 1952 videatur.'
801 1903 945 1950 Haec
970 1917 1085 1950 cum
1111 1902 1319 1951 Crassus
1343 1898 1558 1960 dixisset,
1587 1915 1850 1964 parumper
1880 1909 1930 1950 et

261 1984 368 2049 ipse
391 1983 631 2034 conticuit
656 1992 706 2034 et
728 2000 759 2033 a
782 1982 956 2033 ceteris
982 1982 1232 2032 silentium
1257 1981 1361 2031 fuit.
1986 2025 2023 2074 6

329 2067 462 2116 Tum
488 2066 639 2116 Cotta
667 2063 958 2128 ‘equidem,'
983 2063 1144 2128 inquit
1173 2065 1396 2126 ‘Crasse,
1418 2080 1522 2114 non
1546 2081 1750 2129 possum
1776 2063 1932 2128 queri,
1953 2035 2034 2153 :1344

261 2148 400 2212 quod
423 2145 547 2196 mihi
570 2145 767 2196 videare
791 2146 927 2196 aliud
956 2145 1210 2210 quiddam,
1239 2144 1291 2196 id
1327 2148 1466 2210 quod
1500 2162 1604 2195 non
1640 2145 1932 2210 susceperis,

188 2248 238 2289 ²5
261 2229 571 2294 disputasse;
618 2230 730 2292 plus
772 2228 906 2278 enirn
943 2228 1199 2292 aliquanto
1240 2227 1463 2289 attulisti,
1503 2244 1654 2291 quam
1692 2227 1782 2276 tibi
1829 2235 1931 2276 erat

261 2310 501 2360 tributum
538 2326 569 2359 a
603 2309 750 2360 nobis
785 2327 844 2359 ac
880 2310 1228 2360 denuntiatum
1244 2328 1258 2371 3
1295 2311 1385 2359 sed
1418 2318 1550 2359 certe
1579 2318 1633 2358 ut
1657 2325 1745 2358 eae
1769 2317 1930 2373 partes

261 2394 458 2442 fuerunt
483 2401 615 2454 tuae,
637 2394 702 2442 de
726 2391 1032 2442 inlustranda
1056 2391 1279 2442 oratione
1303 2401 1358 2441 ut
1386 2391 1594 2452 dicereS,
1617 2399 1666 2440 et
1694 2407 1800 2440 eras
1824 2390 1931 2455 ipse

262 2474 361 2524 iam
402 2473 649 2538 ingressus
686 2482 836 2538 atque
883 2473 934 2521 in
982 2482 1215 2537 quattuor
1252 2471 1402 2537 partis
1444 2488 1646 2522 omnem
1694 2454 1930 2522 orationis

318 2602 373 2643 M
389 2624 424 2638 =
445 2603 586 2644 AEH
744 2618 770 2654 4
799 2604 954 2655 agendi
992 2617 1075 2644 om.
1113 2602 1164 2642 M
1331 2605 1358 2642 8
1387 2603 1515 2642 malet
1548 2601 1591 2640 A
1614 2617 1623 2642 t
1664 2601 1779 2641 malit
1812 2601 1930 2643 HL:

264 2660 408 2700 mallet
426 2659 476 2699 E·
598 2671 647 2708 14
675 2659 711 2698 si
732 2658 784 2697 M
1082 2672 1131 2709 19
1159 2658 1353 2709 quamvis
1372 2657 1410 2695 L
1430 2657 1540 2710 vulg.
1565 2672 1574 2696 τ
1602 2668 1858 2707 quamquam
1879 2656 1933 2695 M

265 2719 561 2755 contemnatur
591 2713 703 2755 codd.
734 2713 845 2766 vulg.
871 2728 881 2753 ε
911 2714 1219 2754 condemnatur
1237 2714 1403 2753 Nonius
1630 2724 1678 2750 21
1713 2716 1756 2751 et
1775 2725 1860 2751 om.
1880 2710 1935 2750 M

264 2782 317 2808 22
345 2775 388 2810 et
407 2783 432 2809 a
452 2774 532 2810 cet.
556 2766 593 2806 L
613 2784 623 2808 ε
652 2774 695 2807 et
710 2768 845 2808 cetM
858 2784 868 2808 ε
897 2774 940 2807 et
959 2799 970 2809 .
994 2800 1004 2810 .
1024 2799 1035 2809 .
1061 2769 1138 2807 fuit
1156 2769 1313 2808 seclusit
1330 2766 1533 2807 Friedrich
1673 2779 1727 2816 24
1757 2766 1800 2805 id
1813 2766 1928 2816 quod

264 2837 351 2864 non
371 2823 446 2865 H:
475 2824 588 2874 quod
609 2836 696 2863 non
724 2823 767 2863 id
782 2822 871 2862 AE
886 2838 895 2862 :
923 2829 965 2863 et
988 2836 1074 2862 non
1099 2824 1141 2863 id
1161 2823 1275 2874 quod
1296 2821 1333 2859 L
1354 2822 1464 2873 vulg.
1579 2833 1631 2870 25
1660 2827 1751 2860 erat
1780 2819 1892 2861 codd.
1916 2834 1926 2859 ε

265 2884 380 2919 esset
398 2877 436 2916 L
457 2878 568 2930 vulg.
683 2879 737 2917 26
765 2878 968 2917 tributum
990 2876 1043 2915 M
1057 2893 1066 2917 ι
1094 2878 1344 2917 attributum
1368 2875 1497 2915 mPO
1636 2889 1685 2914 ac
1706 2875 1928 2915 denuntia-

265 2939 355 2973 tum
375 2947 459 2974 om.
480 2932 576 2972 Mm
598 2948 607 2973 τ
634 2933 740 2972 eiea't
757 2931 995 2972 Lambinus
1120 2938 1166 2971 ut
1185 2945 1268 2972 om.
1293 2930 1329 2968 L
1350 2945 1359 2970 ε
1389 2937 1433 2970 et
1452 2930 1565 2982 vulg.
1755 2943 1806 2979 27
1837 2935 1928 2968 erat

265 2987 354 3026 Mlo
517 2989 571 3026 28
598 2987 833 3027 orationem
855 2983 962 3026 Mloe
