2150 3444
778 143 874 195 DE
909 141 1248 194 ORATORE
1317 144 1340 194 1

225 284 459 351 egregiuS,
507 284 641 336 illam
690 283 943 335 scientiam
991 282 1190 334 dicendi
1237 283 1380 346 copia
1427 290 1501 333 est
1559 291 1885 333 consecutus:

225 367 435 417 multum
482 365 608 416 inter
654 382 707 416 se
753 364 937 415 distant
994 363 1115 413 istae
1161 365 1416 412 facultates
1470 364 1716 426 longeque
1773 373 1887 414 sunt

223 446 446 498 diversae
500 456 651 511 atque
708 445 958 496 seiunctae
1016 461 1179 508 neque
1236 446 1412 494 eadem
1471 443 1660 493 ratione
1705 461 1765 493 ac
1810 445 1887 494 via

225 529 298 579 M.
325 529 468 589 Cato,
495 530 548 578 P.
576 527 850 587 Africanus,
879 527 941 589 Q.
972 527 1218 586 Metellus,
1258 527 1314 576 C.
1345 523 1555 585 LaeliuS‚
1591 525 1676 588 qui
1713 541 1887 575 omnes

177 615 200 657 5
223 611 513 673 eloquentes
549 610 760 669 fuerunt,
787 607 1060 657 orationem
1099 623 1239 655 suam
1277 615 1327 655 et
1364 606 1433 655 rei
1471 604 1699 670 publicae
1736 605 1889 669 digni-

223 697 375 739 tatem
398 689 712 739 exornabant.
786 689 965 751 Neque
983 686 1116 736 enim
1141 696 1214 736 est
1238 685 1553 736 interdictum
1572 695 1655 736 aut
1680 703 1709 735 a
1727 702 1886 735 rerum

223 778 396 820 natura
417 778 503 819 aut
525 786 556 819 a
592 771 700 832 lege
735 768 900 832 aliqua
932 777 1082 832 atque
1114 784 1265 828 more,
1293 776 1347 817 ut
1377 766 1577 830 singulis
1602 765 1887 816 hominibus

219 864 288 900 ne
309 848 521 914 amplius
544 865 696 913 quam
734 849 950 913 singulas
989 848 1104 898 artis
1143 865 1291 898 nosse
1322 847 1479 896 liceat.
1555 848 1669 909 Qua
1693 864 1744 896 re
1768 864 1884 907 non,

221 930 263 980 si
286 930 717 994 eloquentissimus
753 930 964 980 Athenis
1001 929 1213 979 Pericles
1249 929 1483 993 idemque
1518 927 1569 977 in
1602 944 1660 978 ea
1692 928 1887 978 civitate

150 1028 200 1060 10
219 1010 458 1076 plurimos
479 1028 638 1061 annos
661 1011 889 1075 princeps
914 1010 1089 1060 consili
1112 1009 1298 1074 publici
1322 1010 1426 1070 fuit,
1453 1009 1638 1060 idcirco
1663 1009 1886 1059 eiusdem

220 1091 436 1142 hominis
458 1100 608 1157 atque
631 1092 746 1142 artis
782 1101 989 1156 utraque
1017 1093 1222 1141 facultas
1247 1090 1572 1141 existimanda
1595 1098 1683 1151 est,
1711 1108 1817 1151 nec,
1844 1089 1886 1140 si

219 1174 273 1223 P.
315 1173 521 1224 Crassus
558 1173 692 1223 idem
733 1172 823 1222 fuit
870 1175 1109 1237 eloquens
1155 1180 1204 1223 et
1250 1171 1366 1222 iuris
1412 1171 1611 1235 perituS,
1660 1172 1728 1221 ob
1774 1189 1886 1222 eam

219 1270 420 1305 causam
444 1254 571 1304 inest
594 1254 646 1304 in
669 1256 902 1304 facultate
926 1254 1126 1304 dicendi
1151 1254 1266 1304 iuris
1291 1253 1446 1303 civilis
1471 1252 1688 1303 scientia.
1752 1255 1884 1303 Nam

218 1335 261 1385 si
295 1344 351 1386 ut
387 1335 597 1400 quisque
634 1335 686 1385 in
723 1335 888 1400 aliqua
923 1344 1031 1385 arte
1073 1344 1122 1385 et
1168 1337 1400 1385 facultate
1446 1336 1690 1385 excellens
1736 1335 1883 1385 aliam

145 1434 194 1479 15
217 1432 419 1481 quoque
452 1426 607 1467 artem
643 1416 737 1466 sibi
771 1416 1114 1480 adsumpserit,
1148 1415 1188 1465 is
1220 1416 1439 1480 perficiet
1476 1425 1545 1476 ut,
1576 1417 1715 1479 quod
1750 1433 1885 1480 prae-

216 1507 351 1548 terea
396 1498 531 1559 sciet,
572 1498 625 1548 id
672 1498 791 1559 eiuS,
841 1498 892 1547 in
939 1514 1040 1562 quo
1081 1499 1298 1558 excellet,
1341 1514 1453 1561 pars
1491 1498 1738 1561 quaedam
1776 1514 1883 1547 esse

216 1580 452 1642 videatur,
479 1581 594 1631 licet
628 1581 720 1631 ista
755 1581 944 1631 ratione
978 1581 1203 1631 dicamus
1237 1581 1338 1645 pila
1373 1581 1502 1630 bene
1537 1589 1586 1629 et
1615 1580 1882 1630 duodecim

217 1662 408 1726 scriptis
431 1664 602 1713 ludere
624 1663 876 1727 proprium
896 1679 1004 1712 esse
1027 1663 1143 1712 iuris
1168 1662 1336 1723 civilis,
1357 1662 1594 1726 quoniam
1619 1671 1883 1726 utrumque

216 1759 389 1794 eorum
412 1744 466 1793 P.
491 1743 691 1793 Mucius
715 1744 902 1808 optime
926 1743 1094 1793 fecerit
1110 1760 1125 1804 3
1147 1745 1425 1807 eademque
1444 1742 1633 1791 ratione
1657 1742 1883 1792 dicantur

141 1842 195 1872 20
215 1823 263 1874 ei
293 1840 420 1888 quos
456 1824 687 1888 φυσικούς
717 1823 895 1874 Graeci
927 1823 1188 1886 nominant
1223 1823 1387 1873 eidem
1426 1833 1617 1887 poetae,
1645 1823 1881 1887 quoniam

216 1905 549 1969 Empedocles
572 1906 805 1971 physicus
843 1905 1092 1969 egregium
1129 1921 1311 1968 poema
1342 1903 1524 1953 fecerit.
1599 1906 1665 1952 At
1690 1905 1787 1953 hoc
1819 1921 1882 1953 ne

213 1985 500 2051 philosophi
539 1987 744 2051 quidem
785 1986 892 2050 ipsi,
920 1985 1007 2050 qui
1043 1985 1212 2035 omnia
1249 1984 1376 2034 sicut
1414 1984 1609 2048 propria
1651 2001 1739 2034 sua
1775 2001 1882 2034 esse

211 2076 363 2132 atque
383 2084 415 2118 a
446 2083 500 2118 se
531 2067 773 2133 possideri
796 2069 983 2129 volunt,
1010 2068 1175 2118 dicere
1211 2069 1412 2128 audent,
1439 2067 1759 2131 geometriam
1797 2076 1881 2116 aut

214 2149 454 2200 musicam
492 2150 778 2214 philosophi
823 2167 945 2211 esse,
994 2150 1111 2214 quia
1159 2151 1419 2201 Platonem
1467 2165 1642 2198 omnes
1689 2149 1740 2198 in
1788 2149 1880 2198 illis

139 2250 187 2292 ²5
211 2230 398 2281 artibus
421 2231 896 2295 praestantissimum
919 2231 1070 2280 fuisse
1102 2230 1357 2280 fateantur.
1430 2233 1507 2281 Ac
1532 2231 1572 2280 si
1597 2231 1694 2280 iam
1719 2233 1881 2294 placet

213 2312 376 2362 omnis
420 2313 537 2363 artis
578 2313 758 2363 oratori
796 2313 1105 2377 subiungere,
1145 2312 1448 2363 tolerabilius
1487 2321 1560 2362 est
1599 2313 1669 2362 sic
1715 2313 1879 2376 potius

213 2391 391 2453 dicere,
417 2403 485 2454 ut,
511 2394 749 2458 quoniam
787 2394 988 2445 dicendi
1011 2396 1216 2444 facultas
1241 2411 1343 2444 non
1376 2395 1556 2444 debeat
1586 2411 1692 2443 esse
1716 2394 1880 2445 ieiuna

211 2482 362 2538 atque
402 2476 551 2536 nuda,
595 2477 684 2526 sed
718 2493 916 2540 aspersa
953 2485 1104 2541 atque
1141 2477 1373 2526 distincta
1411 2478 1675 2526 multarum
1716 2493 1877 2526 rerum

212 2554 430 2606 iucunda
461 2558 678 2621 quadam
715 2557 960 2618 varietate,
988 2558 1050 2607 sit
1086 2558 1206 2608 boni
1243 2557 1448 2608 oratoris
1487 2559 1641 2607 multa
1677 2557 1876 2608 auribus

135 2658 188 2698 30
210 2635 475 2700 accepisse,
503 2639 657 2687 multa
688 2637 882 2699 vidisse,
910 2640 1064 2688 multa
1098 2639 1267 2689 animo
1301 2648 1350 2688 et
1384 2638 1694 2702 cogitatione,
1722 2640 1877 2689 multa

210 2716 360 2767 etiam
383 2718 595 2781 legendo
618 2719 989 2783 percucurrisse,
1017 2736 1179 2786 neque
1210 2736 1269 2769 ea
1292 2729 1347 2769 ut
1371 2737 1460 2770 sua
1483 2719 1764 2783 possedisse
1787 2721 1877 2771 sed

268 2858 286 2887 1
324 2846 439 2890 illam
482 2847 701 2889 Manutius
718 2864 735 2890 r
776 2850 958 2901 aliquam
1006 2850 1143 2892 codd.:
1190 2850 1372 2891 alienam
1423 2850 1703 2902 ijltenbach:
1750 2851 1876 2891 aliam

209 2899 392 2942 Stroebel
459 2904 640 2944 scientia
662 2934 671 2944 .
692 2933 701 2944 .
722 2935 731 2944 .
755 2906 920 2956 copiam
935 2906 971 2944 L
1093 2919 1120 2952 9
1149 2907 1184 2945 si
1204 2906 1441 2946 Lambinus
1458 2921 1468 2947 :
1497 2908 1576 2946 etsi
1597 2906 1710 2946 codd.
1828 2919 1874 2956 14

208 2958 254 3052 {it
266 2958 512 3063 {zggiffssfj
530 2958 825 3011 Naegelsbach:
857 2961 892 3000 si
913 2960 1092 3011 quisque
1114 2966 1158 3000 ut
1178 2960 1291 3017 codd.
1465 2974 1519 3001 20
1550 2961 1588 3002 ei
1611 2974 1716 3012 quos
1736 2959 1875 3039 Baka:

1905 157 1977 207 49
1998 161 2075 204 215

1911 696 1981 746 50

1913 856 1991 896 216

1910 1268 1988 1314 217

1907 2237 1983 2276 218
