2112 3444
197 276 344 329 rebus
382 275 698 327 Aristotelem
735 285 784 326 et
821 276 1220 339 Theophrastum
1259 276 1510 340 scripsisse
1547 281 1703 328 fateor
1718 298 1732 340 3
1772 283 1860 330 sed

197 359 312 410 vide
334 372 399 408 ne
422 359 533 418 hoe,
560 359 809 418 Scaevola,
837 366 996 406 toturn
1029 357 1090 406 sit
1117 374 1147 405 a
1172 374 1281 406 me:
1318 375 1434 406 nam
1459 376 1566 421 ego,
1594 376 1721 421 quae
1746 370 1859 408 sunt

196 438 377 491 oratori
413 454 529 488 cum
567 438 662 487 illis
699 437 998 498 communia,
1026 454 1128 486 non
1167 447 1367 487 mutuor
1397 439 1462 487 ab
1494 439 1602 499 illis,
1629 439 1708 488 isti
1731 457 1862 503 quae

127 543 130 546 >
195 521 261 570 de
307 518 384 568 his
424 519 571 568 rebus
611 518 880 582 disputant,
920 527 1169 567 oratorum
1207 535 1315 567 esse
1353 520 1651 579 concedunt,
1695 520 1862 583 itaque

148 616 173 658 5
196 609 386 650 ceteros
409 598 560 648 libros
583 598 698 648 artis
723 615 841 648 suae
864 598 1081 658 nomine,
1103 599 1195 648 hos
1220 598 1489 648 rhetoricos
1514 608 1563 648 et
1587 599 1861 650 inscribunt

195 690 246 730 et
280 681 544 745 appellant.
618 679 818 729 Etenim
856 697 970 728 cum
1010 679 1079 727 illi
1110 679 1162 727 in
1200 679 1416 729 dicendo
1449 679 1710 730 inciderint
1748 681 1858 741 loci,
1886 686 1938 739 56

194 763 334 826 quod
357 778 593 826 persaepe
616 761 792 821 evenit,
820 770 873 810 ut
897 762 962 810 de
985 760 1061 810 dis
1086 759 1459 821 immortalibus,
1486 763 1551 811 de
1574 761 1769 825 pietate,
1797 765 1861 812 de

195 843 476 903 concordia,
503 846 567 894 de
597 842 826 902 amicitia,
865 845 929 892 de
967 841 1222 892 communi
1258 841 1454 902 civium,
1481 844 1545 892 de
1582 843 1859 904 hominum,

0 948 9 969 μ
195 926 261 975 de
283 923 505 988 gentium
536 923 654 984 iure,
682 925 747 973 de
777 923 1039 987 aequitate,
1067 924 1131 972 de
1162 922 1499 986 temperantia,
1527 925 1591 973 de
1623 924 1863 987 magnitu-

123 1025 176 1056 ιο
195 1005 314 1056 dine
335 1005 502 1065 animi,
520 1007 585 1055 de
609 1005 748 1054 omni
770 1004 959 1054 virtutis
977 1021 1156 1068 genere
1174 1004 1236 1054 sit
1255 1003 1540 1065 dicendum,
1559 1006 1859 1066 clamabunt,

194 1089 359 1147 credo,
385 1085 555 1137 omnia
577 1086 831 1150 gymnasia
853 1095 1003 1150 atque
1026 1102 1202 1136 omnes
1225 1085 1636 1150 philosophorum
1662 1087 1862 1136 scholae

194 1181 284 1218 sua
323 1183 432 1217 esse
477 1168 602 1216 haec
642 1166 811 1217 omnia
850 1166 1060 1234 propria,
1099 1165 1223 1215 nihil
1262 1165 1470 1216 omnino
1509 1168 1574 1216 ad
1616 1175 1860 1216 oratorem

193 1247 437 1313 pertinere
453 1262 499 1309 3⁰
524 1246 706 1311 quibus
753 1263 860 1311 eg0,
900 1256 954 1296 ut
1001 1249 1065 1297 de
1111 1246 1187 1296 his
1234 1247 1381 1296 rebus
1422 1245 1473 1295 in
1514 1246 1705 1310 angulis
1747 1263 1862 1296 con·
1886 1263 1937 1308 57

194 1327 427 1379 sumendi
456 1327 528 1378 oti
565 1344 714 1378 causa
749 1327 1005 1387 disserant,
1037 1343 1496 1387 cum-concessero,
1535 1326 1658 1376 illud
1692 1335 1860 1376 tamen

123 1425 172 1469 15
193 1408 375 1460 oratori
411 1407 624 1458 tribuam
671 1417 721 1458 et
767 1408 914 1468 dabo,
958 1416 1013 1457 ut
1052 1410 1243 1468 eadem,
1283 1409 1348 1458 de
1385 1407 1566 1471 quibus
1612 1407 1683 1456 illi
1724 1406 1862 1457 tenui

193 1491 415 1554 quodam
461 1488 795 1553 exsanguique
841 1505 1069 1538 sermone
1115 1488 1384 1551 disputant,
1427 1488 1509 1538 hic
1554 1505 1670 1538 cum
1722 1487 1862 1538 omni

193 1570 503 1620 iucunditate
546 1579 596 1620 et
642 1570 876 1633 gravitate
922 1570 1142 1633 explicet.
1241 1572 1386 1619 Haec
1433 1573 1526 1633 ego
1580 1587 1695 1619 curn
1741 1569 1860 1634 ipsis

193 1649 502 1716 philosophis
541 1648 690 1717 [tum]
729 1649 939 1699 Athenis
977 1650 1311 1711 disserebam3
1362 1650 1572 1714 cogebat
1609 1650 1742 1699 enim
1779 1667 1861 1705 me

140 1736 143 1738 ’
194 1733 266 1781 Μ.
295 1733 563 1782 Marcellus
599 1731 692 1781 hic.
715 1740 895 1791 noster,
929 1731 1015 1795 qui
1055 1730 1209 1798 [nunc
1245 1731 1418 1781 aedilis
1457 1731 1637 1781 curulis
1676 1740 1749 1781 est
1786 1729 1858 1799 et]

118 1830 172 1862 ao
191 1813 429 1879 profecto,
489 1812 584 1863 nisi
638 1813 784 1862 ludos
837 1829 972 1861 nunc
1018 1813 1213 1872 faceret,
1262 1812 1380 1862 huic
1425 1822 1596 1863 nostro
1643 1813 1859 1862 sermoni

190 1893 480 1955 interesset3
512 1910 573 1944 ac
595 1892 695 1943 iam
718 1902 826 1943 tum
850 1902 952 1943 erat
979 1895 1381 1944 adulescentulus
1414 1894 1489 1943 his
1525 1894 1699 1945 studiis
1732 1894 1860 1943 miri-

190 1974 285 2025 fice
321 1973 534 2026 deditus
589 1976 718 2028 ‚Iam
754 1991 872 2024 vero
903 1975 968 2024 de
999 1973 1189 2037 legibus
1218 1974 1593 2035 constituendis,
1620 1976 1685 2024 de
1709 1975 1856 2035 bello,
1883 1986 1934 2039 58

190 2057 256 2106 de
277 2071 417 2120 pace,
443 2057 509 2105 de
531 2054 692 2116 sociiS,
719 2057 784 2105 de
806 2055 1140 2118 vectigalibuS,
1168 2056 1232 2104 de
1256 2054 1360 2104 iure
1384 2055 1565 2104 civium
1589 2054 1859 2118 generatim

190 2135 243 2185 in
287 2135 490 2187 ordines
534 2145 821 2199 aetatesque
867 2135 1214 2199 discriptorum
1254 2135 1422 2184 dicant
1466 2137 1545 2184 vel
1586 2135 1778 2195 Graeci,
1819 2135 1860 2184 si

118 2237 169 2280 ²5
189 2219 378 2278 volunt,
417 2220 697 2282 Lycurgum
731 2226 818 2266 aut
858 2219 1469 2280 Solonem—quamquam
1506 2216 1616 2266 illos
1653 2216 1857 2280 quidem

189 2315 452 2349 censemus
470 2298 522 2348 in
541 2315 750 2348 numero
767 2298 1107 2362 eloquentium
1132 2298 1666 2362 reponendos—scisse
1682 2298 1858 2347 melius

189 2396 342 2444 quam
368 2380 679 2444 Hyperidem
702 2389 787 2429 aut
808 2382 1216 2441 Demosthenem,
1239 2382 1482 2443 perfectos
1507 2379 1605 2428 iam
1629 2379 1858 2429 homines

188 2459 241 2509 in
277 2459 496 2511 dicendo
532 2469 582 2510 et
623 2460 904 2524 perpolitOS‚
943 2462 1021 2510 vel
1062 2460 1216 2510 nostri
1256 2462 1432 2510 decem
1472 2460 1615 2520 virOS,
1655 2459 1740 2522 qui
1778 2475 1856 2509 ΧΠ

188 2539 383 2590 tabulas
423 2540 825 2605 perscripserunt,
863 2557 990 2604 quos
1031 2557 1235 2590 necesse
1276 2550 1349 2589 est
1395 2540 1544 2589 fuisse
1584 2540 1855 2604 prudentis,

242 2668 298 2710 M
308 2689 342 2704 =
358 2666 450 2709 HE
607 2682 634 2720 3
661 2670 729 2709 isti
750 2682 859 2720 quae
879 2667 916 2707 L
935 2684 944 2709 :
973 2670 1041 2709 isti
1061 2669 1133 2720 qui
1146 2668 1242 2708 Mm
1351 2682 1376 2718 4
1398 2675 1606 2709 oratorum
1621 2668 1658 2706 L
1677 2683 1687 2709 z
1706 2669 1855 2708 horum

188 2722 244 2764 M
253 2738 261 2764 :
292 2725 397 2764 haec
427 2729 640 2764 oratorum
677 2724 877 2764 Friedrich
1087 2726 1138 2763 16
1166 2725 1457 2774 exsanguique
1487 2738 1530 2763 m
1553 2737 1640 2763 recc.
1663 2737 1673 2766 :
1713 2723 1856 2773 exigui

189 2777 259 2818 M·
278 2794 289 2820 ι
317 2779 476 2830 exiguo
495 2777 603 2817 LM²
740 2779 790 2818 18
816 2784 905 2818 tum
918 2791 1002 2819 om.
1019 2778 1073 2817 M
1206 2791 1256 2829 19
1286 2791 1399 2818 nunc
1412 2808 1422 2819 .
1440 2808 1450 2818 .
1467 2808 1477 2818 .
1498 2785 1542 2819 et
1561 2778 1719 2817 seclusit
1739 2778 1858 2818 Cobet

189 2846 244 2873 22
273 2833 588 2873 constituendis
605 2833 767 2884 scripsi:
799 2834 970 2873 tuendis
986 2832 1040 2872 M
1053 2849 1063 2873 ι
1091 2833 1364 2872 instituendis
1384 2831 1422 2871 L
1586 2845 1639 2882 24
1669 2833 1854 2883 descrip-

188 2893 328 2927 torum
348 2889 610 2928 Lambinus:
630 2888 831 2938 discripto
842 2888 955 2927 codd.
1035 2887 1224 2927 Graecos
1246 2888 1398 2926 maluit
1416 2885 1693 2926 Marklandus
1800 2888 1854 2926 28

189 2942 327 2982 nostri
353 2941 602 2983 Manutius:
645 2947 814 2981 nostros
835 2941 945 2981 codd.
1139 2954 1195 2992 29
1224 2941 1563 2992 perscripserunt
1593 2940 1727 2981 M²mt
1760 2953 1852 2991 per-

189 2996 438 3048 scripserint
453 2994 540 3037 M¹=
570 2996 818 3047 scripserint
837 2995 874 3034 L
1851 2999 1855 3004 “

750 138 844 185 DE
881 137 1218 186 ORATORE
1281 140 1305 187 1
1881 155 1937 203 13
1962 161 2021 203 ⁵⁵²
