2112 3444
757 136 853 187 DE
889 134 1228 184 ORATORE
1292 135 1316 183 I
1891 147 2015 194 1147

199 275 439 342 Gorgiam
456 294 473 338 3
504 292 607 340 quo
630 274 683 326 in
707 273 833 324 libro
857 271 907 322 in
932 274 1030 322 hoc
1053 271 1264 322 maxime
1287 272 1566 322 admirabar
1591 274 1865 333 Platonem,

200 358 343 424 quod
358 356 481 406 mihi
501 354 594 423 [in]
614 353 888 405 oratoribus
907 352 1177 402 inridendis
1202 352 1307 416 ipse
1331 369 1439 401 esse
1462 362 1625 402 orator
1643 370 1865 402 summus

201 437 472 489 videbatur.
546 435 700 486 Verbi
736 434 870 484 enim
902 433 1234 484 controversia
1265 433 1362 482 iarn
1387 433 1474 482 diu
1498 442 1695 496 torquet
1720 435 1866 482 Grae-

201 519 343 569 culos
366 517 596 568 homines
619 514 952 566 contentionis
976 513 1256 578 cupidiores
1280 531 1431 577 quam
1449 513 1676 565 veritatis,
1734 516 1865 563 Nam
1890 520 1942 570 48

154 622 181 664 5
203 599 246 651 si
266 599 378 665 quis
402 601 538 650 hunc
561 599 730 650 statuit
753 616 863 649 esse
893 608 1151 659 oratorem,
1179 597 1264 662 qui
1297 599 1645 647 tantummodo
1681 597 1731 646 in
1765 598 1868 648 iure

200 681 363 732 autin
386 679 580 732 iudiciis
603 679 760 745 possit
782 688 868 729 aut
890 679 1025 742 apud
1043 680 1284 743 populum
1301 687 1386 727 aut
1404 678 1455 726 in
1475 687 1648 728 senatu
1667 678 1869 741 copiose

202 761 354 825 loqui,
390 770 559 811 tamen
595 760 713 810 huic
749 759 844 824 ipsi
879 761 1037 808 multa
1071 758 1252 808 tribuat
1292 767 1341 808 et
1382 760 1625 808 concedat
1667 776 1869 809 necesse

201 851 277 893 est
293 861 309 904 3
342 859 507 906 neque
531 842 665 893 enirn
701 842 808 892 sine
842 843 999 892 multa
1032 840 1410 906 pertractatione
1446 840 1671 890 omnium
1708 858 1868 889 rerum

201 922 512 990 publicarum
548 939 714 987 neque
751 922 857 972 sine
887 924 1066 986 legum,
1093 937 1303 981 morum,
1330 920 1446 971 iuris
1478 920 1683 970 scientia
1707 937 1870 984 neque

130 1025 182 1057 ιο
201 1013 378 1070 natura
413 1003 679 1056 hominum
716 1004 969 1069 incognita
1003 1020 1063 1055 ac
1099 1003 1321 1054 moribus
1357 1002 1410 1052 in
1450 1003 1526 1052 his
1564 1001 1682 1066 ipsis
1723 1003 1869 1052 rebus

200 1085 320 1137 satis
353 1085 532 1136 callide
566 1085 746 1136 versari
783 1095 833 1136 et
870 1085 1025 1150 perite
1058 1094 1256 1150 potest3
1300 1084 1388 1149 qui
1424 1094 1591 1134 autem
1629 1085 1752 1133 haec
1791 1101 1871 1133 eo-

200 1167 438 1233 gnove'rit‚
485 1167 595 1219 sine
640 1167 822 1232 quibus
868 1184 933 1217 ne
978 1166 1062 1216 illa
1106 1167 1311 1231 quidem
1357 1166 1564 1215 minima
1610 1165 1661 1214 in
1709 1165 1869 1215 causis

200 1247 465 1312 quisquam
499 1256 635 1299 recte
670 1247 796 1298 tueri
831 1255 1010 1311 potest,
1048 1247 1172 1311 quid
1207 1246 1325 1297 huic
1361 1248 1537 1296 abesse
1577 1246 1756 1311 poterit
1805 1247 1870 1296 de

200 1328 526 1381 maximarum
553 1345 717 1378 rerum
747 1327 991 1378 scientia?
1057 1328 1145 1378 Sin
1168 1327 1373 1379 oratoris
1398 1327 1522 1377 nihil
1545 1327 1617 1377 vis
1642 1344 1750 1378 esse
1774 1327 1869 1377 nisi

127 1429 180 1474 15
199 1408 492 1474 composite,
529 1418 716 1470 ornate,
755 1409 959 1474 copiose
1003 1408 1156 1473 loqui,
1202 1424 1402 1472 quaero,
1451 1407 1504 1458 id
1561 1407 1725 1472 ipsum
1782 1408 1869 1472 qui

198 1489 359 1555 possit
395 1490 605 1554 adsequi
641 1490 750 1543 sine
785 1506 845 1541 ea
880 1490 1099 1551 scientia,
1138 1506 1289 1554 quam
1327 1490 1373 1539 ei
1413 1507 1517 1540 non
1558 1489 1869 1540 conceditis?

202 1569 420 1622 Dicendi
464 1571 600 1621 enim
645 1571 812 1631 virtus,
860 1570 956 1620 nisi
1000 1570 1060 1631 ei,
1109 1570 1197 1634 qui
1242 1570 1388 1632 dicet,
1428 1588 1500 1632 ea,
1544 1587 1673 1635 quae
1719 1570 1865 1631 dicet,

201 1660 435 1717 percepta
456 1661 586 1713 sunt,
613 1662 803 1702 exstare
825 1669 929 1705 non
951 1661 1127 1716 potest.
1148 1685 1162 1697 -
1202 1653 1370 1714 Quam
1394 1653 1462 1702 ob
1484 1669 1603 1714 rem,
1629 1652 1671 1705 si
1696 1661 1867 1709 ornate
1889 1666 1943 1706 49

195 1733 396 1784 locutus
439 1741 529 1794 est,
568 1732 697 1783 sicut
735 1741 786 1782 et
830 1735 981 1783 fertur
1016 1742 1065 1783 et
1105 1732 1229 1783 mihi
1267 1733 1474 1794 videtur,
1513 1733 1746 1798 physicus
1786 1733 1868 1783 ille

124 1823 178 1854 ²0
198 1811 533 1873 DemocrituS,
560 1812 789 1863 materies
812 1812 896 1863 illa
917 1812 1010 1862 fuit
1039 1812 1244 1876 physici,
1270 1815 1335 1864 de
1367 1830 1469 1877 qua
1504 1813 1638 1874 dixit,
1666 1823 1867 1864 ornatus

198 1909 318 1944 vero
346 1893 462 1958 ipse
490 1894 758 1944 verborum
791 1893 997 1943 oratoris
1030 1895 1283 1958 putandus
1317 1903 1391 1943 est
1408 1913 1422 1955 3
1462 1903 1524 1955 et,
1552 1894 1594 1946 si
1626 1896 1767 1947 Plato
1803 1897 1868 1944 de

196 1974 346 2025 rebus
388 1975 458 2027 ab
496 1974 725 2024 civilibus
761 1973 1103 2024 controversiis
1140 1973 1480 2024 remotissimis
1518 1975 1751 2032 divinitus
1793 1986 1867 2027 est

197 2055 409 2116 locutuS‚
449 2056 593 2119 quod
626 2071 722 2119 ego
759 2057 985 2104 concedo
1002 2072 1018 2116 ς
1068 2054 1109 2104 si
1144 2054 1263 2105 item
1298 2054 1602 2116 AristoteleS‚
1628 2055 1670 2105 si
1705 2058 1870 2106 Theo-

195 2136 439 2200 phrastuS,
477 2134 518 2185 si
557 2137 841 2187 Carneades
878 2134 931 2184 in
965 2135 1112 2185 rebus
1150 2135 1234 2196 eiS,
1272 2137 1338 2186 de
1372 2136 1553 2201 quibus
1591 2137 1870 2201 disputave-

123 2229 173 2272 25
195 2225 324 2278 runt,
351 2218 643 2281 eloquentes
676 2226 725 2267 et
762 2217 815 2266 in
851 2216 1067 2267 dicendo
1100 2234 1274 2267 suaves
1297 2227 1448 2282 atque
1472 2218 1630 2268 ornati
1653 2221 1864 2280 fuerunt,

196 2297 295 2348 sint
318 2297 407 2348 eae
431 2315 522 2359 res,
549 2301 614 2349 de
638 2298 820 2365 quibus
845 2298 1114 2364 disputant,
1141 2299 1194 2348 in
1216 2299 1324 2349 aliis
1348 2300 1649 2364 quibusdam
1674 2301 1864 2363 studiis,

196 2379 354 2429 oratio
377 2379 583 2443 quidem
608 2379 716 2444 ipsa
738 2379 936 2444 propria
963 2389 1038 2430 est
1069 2379 1216 2430 huius
1249 2380 1396 2430 unius
1425 2381 1641 2442 rationis,
1667 2383 1732 2431 de
1766 2398 1866 2445 qua

194 2459 445 2524 loquimur
476 2468 527 2510 et
556 2459 852 2524 quaerimus
927 2460 1128 2511 Etenim
1156 2460 1384 2511 videmus
1409 2460 1598 2511 eisdem
1622 2462 1689 2511 de
1718 2462 1864 2512 rebus
1886 2478 1941 2519 50

194 2539 360 2591 ieiune
406 2542 653 2604 quosdam
699 2549 749 2591 et
795 2540 996 2601 exiliter,
1042 2549 1098 2591 ut
1145 2558 1275 2601 eum,
1318 2558 1470 2605 quem
1524 2541 1863 2596 acutissimum

119 2636 175 2678 30
194 2622 372 2682 ferunt,
435 2620 788 2686 Chrysippum,
846 2620 1176 2685 disputavisse
1235 2637 1401 2684 neque
1458 2621 1527 2671 ob
1584 2639 1695 2672 earn
1757 2639 1862 2672 rem

193 2699 541 2766 philosophiae
587 2717 691 2754 non
738 2700 855 2751 satis
895 2700 1085 2761 fecisse,
1128 2703 1268 2765 quod
1314 2718 1418 2752 non
1459 2702 1685 2752 habuerit
1731 2704 1863 2752 hane

193 2781 397 2837 dicendi
419 2799 480 2833 ex
510 2791 614 2832 arte
648 2782 810 2833 aliena
844 2784 1140 2833 facultatem.
1215 2782 1354 2846 Quid
1389 2800 1505 2848 ergo
1541 2783 1741 2841 interest
1775 2794 1861 2836 aut
1883 2794 1939 2830 12

245 2911 344 2954 M=
359 2911 453 2954 HE
472 2926 478 2928 “
616 2926 635 2953 1
668 2914 712 2954 in
734 2913 815 2954 hoc
835 2911 923 2952 ML
941 2928 953 2955 z
982 2913 1064 2953 hoc
1084 2926 1131 2953 m
1150 2927 1240 2955 rece.
1392 2927 1418 2954 2
1447 2915 1491 2954 in
1511 2927 1592 2956 om.
1616 2914 1711 2954 Mm
1833 2929 1862 2967 9

192 2979 358 3008 morum
372 2966 444 3010 M:
467 2969 597 3007 moris
615 2981 704 3008 mcc.
900 2981 947 3007 21
981 2974 1193 3009 oratorum
1213 2969 1269 3009 M
1399 2982 1449 3020 31
1481 2971 1592 3010 hanc
1613 2970 1786 3010 dicendi
1806 2983 1861 3011 ex

191 3027 285 3064 arte
300 3023 361 3064 L:
389 3022 434 3063 in
456 3022 535 3063 hac
551 3023 721 3065 dicendi
741 3027 835 3065 arte
854 3021 904 3063 M
