2150 3444
90 130 159 179 68
178 145 254 191 275
737 128 808 175 M.
845 126 1057 175 TVLLI
1094 125 1475 177 CICERONIS

277 264 414 327 quod
451 263 716 328 intellegaS,
766 272 820 313 ut
868 263 1125 313 Pontidius
1171 266 1182 288 ‘
1201 263 1397 325 qualem
1438 262 1696 324 existimaS,
1746 263 1832 327 qui
1875 262 1929 312 in

275 343 517 393 adulterio
541 345 985 408 deprehenditur?'
1048 345 1267 393 ‘tardum
1291 345 1332 392 1'
1366 352 1421 392 ut
1445 360 1548 407 ego,
1577 345 1662 407 qui
1679 344 1730 393 in
1745 343 1928 395 dilectu

277 426 498 486 Metello,
537 441 650 474 cum
688 425 1054 474 excusationem
1089 426 1345 473 oculorum
1380 441 1410 473 a
1445 442 1526 474 me
1559 442 1662 474 non
1685 425 1928 489 acciperet

174 508 253 561 276
276 513 326 553 et
371 505 572 554 dixisset
621 510 701 555 ‘tu
748 505 892 568 igitur
937 505 1059 554 nihil
1097 505 1299 554 vides?'
1359 508 1371 531 ‘
1395 522 1487 568 ego
1533 508 1678 555 vero’
1723 505 1926 570 inquam

279 590 337 633 ‘a
360 594 501 649 porta
536 586 794 649 Esquilina
827 585 973 635 video
1008 585 1172 634 villam
1208 595 1343 634 tuam
1361 588 1404 647 3'
1455 595 1509 635 ut
1544 586 1665 635 illud
1700 586 1923 646 Nasicae,
1946 599 1970 642 5

275 665 359 728 qui
385 683 498 715 cum
527 668 592 715 ad
626 676 826 731 poetam
857 667 1075 715 Ennium
1103 666 1316 715 venisset
1352 666 1496 730 eique
1530 668 1594 717 ab
1624 667 1751 716 ostio
1782 682 1927 730 quae-

274 746 399 795 renti
425 747 643 797 Ennium
676 748 853 796 ancilla
889 747 1090 796 dixisset
1121 747 1258 796 domi
1283 764 1385 796 non
1421 764 1541 809 esse,
1570 748 1753 798 Nasica
1776 746 1927 796 sensit

274 826 407 875 illam
432 827 622 876 domini
646 827 781 877 iussu
805 827 984 877 dixisse
1016 837 1064 876 et
1095 827 1233 876 illum
1266 827 1398 877 intus
1429 845 1536 878 esse
1552 847 1566 890 3
1617 828 1786 892 paucis
1815 837 1927 892 post

273 907 450 956 diebus
474 925 588 956 cum
621 909 686 957 ad
711 908 944 957 Nasicam
967 907 1180 957 venisset
1206 909 1397 957 Ennius
1429 918 1479 959 et
1502 926 1617 958 eum
1640 911 1704 958 ad
1728 909 1926 958 ianuam

273 998 539 1050 quaereret,
584 990 824 1037 exclamat
866 988 1047 1038 Nasica
1088 989 1225 1038 domi
1272 1006 1375 1038 non
1422 1007 1542 1051 esse,
1586 999 1692 1039 tum
1734 991 1926 1040 Ennius
1951 1005 2003 1036 10

276 1068 465 1131 ‘quid?
523 1085 615 1132 ego
657 1086 759 1118 non
801 1085 1050 1131 cognosco
1085 1071 1292 1119 vocem'
1333 1070 1494 1133 inquit
1532 1073 1764 1120 ‘tuam?'
1823 1071 1928 1121 Hic

271 1149 455 1199 Nasica
483 1153 494 1175 ‘
512 1151 665 1199 homo
690 1167 742 1199 es
758 1149 1022 1213 impudens
1042 1169 1051 1198 :
1089 1167 1180 1213 ego
1205 1167 1321 1199 cum
1345 1159 1395 1199 te
1413 1167 1697 1214 quaererem
1720 1151 1928 1202 ancillae

271 1238 385 1279 tuae
420 1231 607 1281 credidi
637 1241 685 1281 te
717 1231 855 1281 domi
887 1248 989 1280 non
1026 1247 1146 1292 esse,
1179 1239 1234 1280 tu
1275 1230 1398 1280 mihi
1438 1248 1541 1280 non
1579 1231 1736 1281 credis
1771 1232 1928 1297 ipsi?’

169 1326 246 1370 277
273 1312 362 1359 Est
385 1311 572 1360 bellum
597 1311 719 1361 illud
745 1328 959 1375 quoque,
981 1328 1040 1360 ex
1065 1326 1168 1375 quo
1193 1311 1248 1371 is,
1276 1311 1363 1375 qui
1386 1310 1508 1360 dixit
1530 1310 1768 1361 inridetur
1790 1311 1842 1361 in
1866 1324 1928 1363 eo

269 1390 378 1454 ipso
415 1408 605 1454 genere,
648 1409 749 1455 quo
795 1391 917 1442 dixit
933 1410 947 1453 3
998 1401 1064 1452 ut,
1106 1409 1222 1441 cum
1270 1393 1332 1453 Q.
1372 1391 1600 1455 Opimius
1641 1393 1922 1455 consularis,
1953 1409 2000 1450 15
2032 1430 2034 1432 ,

270 1472 353 1535 qui
384 1475 787 1523 adulescentulus
813 1475 941 1523 male
963 1472 1196 1534 audisset,
1222 1472 1613 1539 festivo-,homini
1638 1473 1813 1537 Egilio,
1840 1474 1926 1538 qui

268 1552 514 1603 videretur
548 1554 744 1604 mollior
774 1571 868 1604 nec
903 1563 1045 1615 esset,
1084 1553 1286 1603 dixisset
1312 1553 1460 1617 ‘quid
1489 1562 1557 1614 tu,
1585 1553 1743 1617 Egilia
1776 1557 1928 1604 mea?

269 1636 472 1697 quando
506 1636 572 1685 ad
608 1653 689 1684 me
723 1635 861 1685 venis
890 1652 1005 1684 cum
1041 1644 1126 1684 tua
1160 1636 1275 1684 colu
1309 1642 1359 1684 et
1393 1635 1573 1683 lana?’
1634 1636 1780 1684 ‘Non
1814 1637 1927 1700 pol'

268 1714 429 1778 inquit
457 1717 659 1776 ‘audeo,
688 1734 803 1765 nam
840 1734 920 1765 me
952 1717 1017 1765 ad
1049 1718 1262 1765 famosas
1294 1715 1449 1764 vetuit
1480 1723 1637 1764 mater
1658 1717 1926 1766 accedere.'

270 1798 406 1845 Salsa
430 1805 543 1846 sunt
568 1797 730 1857 etiam,
758 1814 885 1860 quae
914 1798 1100 1846 habent
1133 1795 1464 1860 suspicionem
1495 1794 1688 1845 ridiculi
1718 1796 1925 1846 abscon·
1949 1811 2001 1841 20

269 1876 439 1937 ditam‚
467 1893 568 1940 quo
593 1877 643 1925 in
668 1894 846 1940 genere
878 1887 951 1927 est
976 1877 1126 1926 Siculi
1150 1877 1286 1937 illud,
1306 1877 1386 1926 cui
1410 1893 1524 1925 cum
1549 1876 1797 1926 familiaris
1821 1877 1926 1941 qui-

268 1959 384 2006 dam
417 1967 700 2021 quereretur
734 1960 870 2022 quod
899 1957 1084 2007 diceret
1115 1974 1317 2007 uxorem
1346 1974 1486 2006 suam
1521 1957 1837 2020 suspendisse
1872 1975 1925 2008 se

267 2039 332 2086 de
373 2039 483 2098 ficu,
528 2039 738 2088 ‘amabo
773 2041 852 2099 te,'
890 2038 1048 2101 inquit
1089 2041 1179 2088 ‘da
1214 2038 1336 2087 mihi
1371 2055 1430 2087 ex
1464 2037 1557 2086 ista
1590 2038 1764 2087 arbore
1799 2055 1924 2102 quos

268 2135 425 2168 seram
451 2121 701 2168 surculos.'
773 2121 834 2167 In
859 2121 1037 2168 eodem
1069 2135 1247 2181 genere
1280 2127 1366 2177 est,
1402 2119 1538 2181 quod
1572 2119 1777 2168 Catulus
1802 2119 1924 2168 dixit

268 2199 467 2248 cuidam
493 2200 672 2249 oratori
696 2202 827 2249 malo
847 2219 857 2249 ε
911 2199 995 2263 qui
1020 2217 1134 2252 cum
1163 2200 1215 2248 in
1240 2199 1435 2263 epilogo
1460 2198 1844 2249 misericordiam
1869 2217 1923 2250 se
1948 2216 1997 2256 25

267 2280 480 2330 movisse
504 2290 709 2344 putaret,
731 2290 996 2344 postquam
1020 2280 1225 2341 adsedit,
1247 2280 1433 2344 rogavit
1457 2282 1591 2330 hunc
1614 2279 1924 2331 videreturne

268 2361 653 2412 misericordiam
679 2361 904 2423 movisse,
936 2365 1021 2411 ‘ac
1045 2378 1273 2425 magnam
1299 2361 1532 2425 quidem‚'
1556 2361 1717 2425 inquit
1746 2361 1924 2411 ‘nemi-

267 2459 382 2491 nem
408 2443 540 2492 enim
564 2452 686 2507 puto
711 2460 819 2493 esse
850 2451 951 2493 tam
984 2445 1177 2503 durum,
1204 2442 1284 2492 cui
1319 2459 1422 2492 non
1447 2442 1602 2493 oratio
1634 2452 1718 2492 tua
1741 2442 1923 2493 miseri-

162 2536 240 2581 279
266 2523 434 2573 cordia
469 2523 617 2586 digna
641 2524 744 2573 visa
779 2524 871 2573 sit.'
942 2526 1030 2573 Me
1065 2533 1232 2573 tamen
1260 2525 1459 2574 hercule
1492 2523 1640 2573 etiam
1672 2524 1755 2574 illa
1777 2525 1923 2574 valde

265 2613 466 2654 movent
502 2607 814 2655 stomachosa
849 2613 900 2654 et
927 2604 1067 2669 quasi
1102 2606 1392 2655 submorosa
1421 2604 1642 2666 ridicula,
1669 2622 1771 2655 non
1805 2621 1920 2655 cum
1945 2618 1998 2658 30

171 1756 245 1814 69

169 1832 244 1881 278

317 2721 367 2761 M
387 2742 421 2756 =
442 2722 495 2763 H
653 2739 681 2775 9
709 2738 734 2764 a
754 2725 879 2764 ianua
893 2725 929 2764 L
949 2724 1062 2777 vulg.
1181 2738 1230 2764 10
1249 2738 1296 2764 se
1316 2725 1431 2765 domi
1449 2724 1507 2765 Le
1524 2738 1533 2764 :
1563 2737 1611 2765 se
1629 2738 1712 2766 om.
1737 2724 1791 2764 H
1808 2724 1920 2776 (cum

264 2776 430 2821 lacuna)
545 2791 589 2818 11
621 2780 722 2829 quid
743 2780 779 2818 L
796 2794 805 2818 :
836 2779 970 2828 inquit
990 2779 1061 2818 M:
1094 2779 1132 2818 ei
1151 2779 1253 2829 quid
1269 2778 1471 2819 Friedrich
1585 2790 1632 2829 15
1653 2779 1764 2829 quod
1778 2778 1888 2819 codd.
1908 2792 1918 2818 t

263 2844 361 2871 corr.
386 2830 605 2872 Manutius
737 2835 786 2872 16
812 2832 980 2883 Aegilio
1001 2833 1130 2872 voluit
1146 2832 1336 2883 Panofha
1460 2834 1510 2872 18
1532 2837 1604 2873 tuo
1624 2833 1721 2872 Hm
1827 2833 1919 2872 colu

263 2886 322 2924 Le
343 2888 455 2925 Non.
475 2899 483 2924 ε
515 2886 607 2926 6010
626 2886 677 2925 H
928 2899 980 2936 23
1010 2887 1090 2926 ista
1109 2887 1190 2927 Le:
1220 2899 1271 2926 ea
1290 2887 1385 2926 Hm
1404 2901 1414 2926 ε
1442 2886 1513 2926 illa
1534 2887 1704 2937 Quintil.
1728 2886 1780 2926 vi.
1804 2899 1845 2937 3.
1865 2887 1919 2926 88

264 2941 317 2978 28
347 2940 585 2980 miseranda
604 2941 693 2979 visa
712 2940 749 2979 L
762 2941 874 2992 vulg.
1034 2954 1087 2990 29
1116 2953 1183 2979 me
1204 2941 1374 2991 quidem
1394 2940 1452 2979 Le
1472 2942 1582 2991 vulg.
1746 2952 1802 2990 30
1830 2952 1918 2980 non

263 3006 358 3034 cum
379 2994 438 3032 Le
458 2994 566 3047 vulg.
594 2995 696 3046 (‘sic
712 3007 851 3035 omnes
869 2992 997 3035 codd.’
1017 2994 1195 3047 Ellendt>
1215 3009 1224 3035 :
1253 3007 1349 3034 nam
1371 3007 1464 3034 cum
1485 2994 1688 3035 Friedrich
