2150 3444
785 153 880 203 DE
916 153 1257 204 ORATORE
1330 154 1383 203 11
1919 164 1957 200 21
1977 173 2000 213 5

239 293 338 343 hoc
354 307 408 342 se
425 308 571 356 posse
595 293 866 356 profitetur,
884 300 969 341 aut
987 289 1299 355 eloquentiae
1318 306 1503 341 nomen
1522 291 1902 355 relinquendum

238 382 326 424 est.
377 374 493 435 Qua
515 390 567 422 re
590 372 824 438 equidem
848 382 898 423 et
920 373 973 422 in
997 382 1164 423 nostra
1188 371 1383 422 civitate
1407 381 1456 422 et
1480 372 1530 421 in
1556 372 1662 436 ipsa
1682 372 1902 431 Graecia,
1927 381 1952 422 6

238 470 367 519 quae
391 471 586 520 semper
617 456 741 505 haec
776 471 971 504 summa
1005 453 1156 515 duxit,
1184 455 1368 503 multos
1400 462 1450 503 et
1484 452 1692 517 ingeniis
1716 454 1906 503 eximiis

238 543 290 586 et
312 552 493 600 magna
516 537 665 586 laude
689 534 892 586 dicendi
915 534 1022 585 sine
1046 551 1242 584 summa
1265 551 1427 584 rerum
1451 533 1676 583 omnium
1702 534 1907 584 scientia

192 631 216 673 5
238 615 389 667 fuisse
406 618 594 678 fateor3
629 619 779 667 talem
797 633 914 667 vero
929 615 1160 667 exsistere
1181 615 1531 680 eloquentiam,
1558 615 1716 680 qualis
1740 615 1832 665 fuit
1855 615 1907 664 in

239 699 420 750 Crasso
457 707 508 749 et
544 697 785 758 Antonio,
820 714 925 748 non
962 697 1171 763 cognitis
1209 698 1356 748 rebus
1394 697 1641 758 omnibuS,
1677 714 1804 762 quae
1841 699 1906 747 ad

238 787 428 828 tantam
455 779 772 844 prudentiam
803 779 1117 844 pertinerent,
1146 788 1434 844 tantamque
1463 778 1665 829 dicendi
1693 778 1902 843 copiam,

238 868 426 924 quanta
451 858 504 918 in
535 859 631 910 illis
658 859 764 922 fuit,
791 878 894 910 non
918 860 1139 926 potuisse
1167 862 1422 911 confirmo.
1497 862 1614 923 Quo
1639 859 1787 909 etiam
1811 859 1906 909 feci
1931 875 1952 919 7

238 938 484 1001 libentiuS‚
513 950 568 990 ut
591 958 707 991 eum
732 957 1027 1003 sermonem,
1055 959 1207 1006 quem
1239 941 1309 991 illi
1333 942 1590 1006 quondam
1614 940 1741 991 inter
1765 958 1817 991 se
1842 942 1907 991 de

167 1042 217 1072 ιο
238 1020 317 1071 his
350 1022 498 1072 rebus
530 1021 835 1083 habuissent,
869 1025 1159 1073 mandarem
1192 1022 1378 1084 litteris,
1412 1024 1490 1073 vel
1519 1031 1574 1072 ut
1605 1022 1689 1072 illa
1720 1022 1904 1087 opini0‚

237 1119 370 1168 quae
401 1120 597 1169 semper
630 1103 814 1165 fuisset,
855 1105 1120 1165 tolleretur,
1157 1106 1366 1154 alterum
1408 1121 1511 1154 non
1547 1103 1905 1165 doctissimum,

237 1185 446 1235 alterum
482 1187 631 1250 plane
667 1185 928 1237 indoctum
964 1186 1115 1237 fuisse
1132 1204 1147 1247 ,·
1192 1188 1271 1237 vel
1306 1195 1360 1236 ut
1396 1203 1467 1246 ea,
1507 1203 1635 1250 quae
1668 1185 1909 1236 existima-

237 1283 342 1317 rem
364 1283 396 1317 a
419 1267 626 1318 summis
650 1268 927 1319 oratoribus
959 1269 1024 1319 de
1056 1268 1342 1333 eloquentia
1365 1267 1601 1318 divinitus
1626 1285 1733 1318 esse
1758 1267 1904 1327 dicta,

237 1348 540 1400 custodirem
597 1349 783 1410 litteris,
838 1350 879 1399 si
926 1352 1029 1400 ullo
1085 1352 1239 1401 modo
1285 1350 1495 1414 adsequi
1542 1349 1907 1415 complectique

165 1449 213 1492 15
237 1430 511 1495 potuissem
528 1449 543 1493 3
594 1433 674 1482 vel
710 1449 792 1482 me
825 1434 1025 1482 hercule
1061 1432 1211 1482 etiam
1254 1441 1310 1482 ut
1347 1433 1547 1482 laudem
1594 1449 1766 1482 eorum
1807 1431 1906 1481 iam

236 1527 393 1576 prope
437 1523 797 1575 senescentem,
847 1523 1090 1578 quantum
1140 1531 1232 1578 ego
1279 1530 1492 1578 possem,
1543 1514 1607 1563 ab
1655 1513 1907 1564 oblivione

235 1593 499 1644 hominum
529 1603 680 1659 atque
707 1612 739 1644 a
767 1594 962 1645 silentio
987 1595 1302 1646 vindicarem.
1378 1597 1510 1645 Nam
1546 1594 1587 1643 si
1623 1612 1683 1644 ex
1714 1594 1905 1660 scriptis
1928 1605 1952 1645 8

236 1675 472 1740 cognosci
494 1674 590 1741 ipsi
621 1675 722 1726 suis
751 1676 1044 1741 potuissent,
1083 1677 1247 1726 minus
1284 1679 1382 1727 hoc
1414 1678 1619 1727 fortasse
1652 1676 1774 1726 mihi
1798 1693 1907 1727 esse

235 1764 488 1820 putassem
523 1758 887 1819 laborandum;
929 1760 1018 1808 sed
1054 1775 1170 1807 curn
1205 1761 1327 1808 alter
1361 1775 1466 1808 non
1501 1760 1728 1819 multum,
1770 1760 1908 1823 quod

162 1858 214 1889 20
235 1835 442 1900 quidem
473 1848 697 1899 exstaret,
726 1847 779 1889 et
808 1838 861 1889 id
893 1838 1058 1904 ipsum
1090 1841 1399 1900 adulescenS,
1427 1842 1549 1890 alter
1580 1839 1704 1889 nihil
1738 1841 1909 1890 admo-

234 1917 358 1968 dum
393 1918 562 1984 scripti
596 1919 887 1985 reliquisset,
926 1921 1099 1972 deberi
1134 1923 1232 1972 hoc
1272 1938 1303 1971 a
1343 1939 1425 1972 me
1461 1920 1609 1971 tantis
1644 1921 1906 1972 hominum

232 1997 444 2064 ingeniis
471 2000 653 2065 putavi,
689 2010 759 2062 ut,
793 2018 909 2051 cum
942 2003 1093 2053 etiam
1128 2017 1263 2054 nunc
1295 2003 1457 2053 vivam
1490 2003 1686 2054 illorum
1722 2021 1907 2054 memo-

232 2079 356 2130 riam
397 2090 694 2142 teneremuS,
739 2083 870 2133 hanc
916 2083 1248 2135 immortalem
1290 2087 1563 2145 redderem,
1606 2085 1646 2134 si
1687 2101 1900 2150 possem.

234 2162 389 2225 Quod
412 2163 511 2214 hoc
543 2162 693 2213 etiam
717 2181 806 2229 spe
829 2166 1091 2230 adgredior
1122 2167 1309 2217 maiore
1336 2169 1401 2217 ad
1430 2168 1758 2232 probandum,
1788 2167 1906 2231 quia
1924 2187 1952 2230 9

159 2267 210 2310 25
231 2260 338 2294 non
381 2245 448 2295 de
495 2245 595 2295 Ser.
647 2246 839 2297 Galbae
884 2257 970 2297 aut
1017 2249 1074 2299 C.
1118 2248 1363 2300 Carbonis
1410 2248 1695 2313 eloquentia
1741 2248 1905 2299 scribo

232 2325 436 2390 aliquid,
474 2325 527 2376 in
563 2343 666 2391 quo
700 2327 848 2379 liceat
886 2329 1009 2378 mihi
1050 2332 1249 2395 fingere,
1288 2330 1329 2380 si
1365 2330 1488 2395 quid
1523 2330 1684 2390 velim,
1723 2330 1906 2381 nullius

232 2407 474 2458 memoria
500 2407 600 2458 iam
633 2426 714 2460 me
746 2412 1013 2471 refellente,
1042 2413 1131 2461 sed
1156 2414 1254 2462 edo
1286 2413 1410 2462 haec
1442 2412 1513 2462 eis
1542 2414 1903 2476 cognoscenda,

233 2488 321 2554 qui
356 2507 443 2540 eos
471 2489 620 2554 ipsos,
649 2493 713 2541 de
747 2491 929 2556 quibus
961 2494 1153 2557 loquor,
1181 2511 1329 2558 saepe
1364 2493 1657 2555 audierunt,
1693 2502 1747 2543 ut
1779 2495 1906 2544 duos

234 2587 457 2622 summos
498 2571 628 2622 viros
675 2572 759 2634 eis,
804 2573 890 2637 qui
937 2583 1169 2624 neutrum
1215 2574 1412 2624 illorum
1453 2574 1677 2634 viderint,
1717 2592 1903 2637 eorum,

158 2671 212 2711 30
233 2652 416 2717 quibus
448 2654 600 2704 ambo
635 2653 705 2703 illi
741 2664 957 2705 oratores
993 2655 1179 2720 cogniti
1207 2655 1318 2718 sint,
1346 2656 1569 2705 vivorum
1601 2665 1651 2706 et
1682 2673 1909 2721 praesen-

233 2734 358 2784 tium
383 2736 623 2786 memoria
647 2746 771 2787 teste
804 2740 1230 2788 commendemuS.
1293 2739 1403 2788 Nec
1426 2755 1543 2788 vero
1568 2747 1629 2799 te,
1657 2738 1908 2790 carissime
1930 2710 1984 2815 ᾗ,

286 2879 312 2916 3
343 2873 386 2906 et
415 2868 602 2917 ingeniis
631 2873 674 2907 et
713 2881 867 2919 magna
906 2868 1048 2909 codd.:
1095 2868 1260 2908 eximiis
1298 2868 1396 2910 add.
1425 2868 1600 2922 Stangl:
1641 2875 1685 2909 et
1724 2870 1909 2921 ingeniis

234 2933 413 2972 magnos
433 2928 476 2962 et
499 2923 625 2962 laude
646 2923 833 2962 Ellendt:
857 2924 932 2964 alii
948 2924 1033 2965 alia
1054 2928 1360 2978 temptaverunt
1547 2935 1574 2975 5
1604 2924 1683 2964 fuit
1703 2940 1720 2964 ε
1738 2940 1745 2949 ·
1779 2926 1910 2966 suerit

235 2988 321 3016 recc.
491 2979 519 3016 6
548 2978 592 3016 in
615 2983 775 3019 tantam
795 2977 853 3018 Le
