2112 3444
155 147 177 182 1
209 153 231 192 3
712 136 781 183 M.
821 134 1030 183 TVLLI
1070 134 1451 184 CICERONIS

255 270 474 321 medium
510 288 670 321 rerum
706 271 929 322 omnium
965 279 1211 320 certamen
1247 280 1396 335 atque
1427 271 1705 334 discrimen,
1731 283 1779 324 et
1810 275 1908 324 hoc

254 360 449 415 tempus
482 369 631 401 omne
662 361 774 415 post
807 354 1117 402 consulatum
1150 352 1422 401 obiecimus
1454 353 1523 402 eis
1552 354 1796 414 fluctibus,
1822 354 1908 418 qui

253 449 341 496 per
364 449 455 482 nos
479 450 509 481 a
532 433 784 482 communi
815 442 953 495 peste
977 433 1169 495 depulsi
1201 433 1251 480 in
1280 441 1475 482 nosmet
1506 433 1639 497 ipsos
1667 436 1908 486 redunda-

253 522 372 562 rent.
446 514 545 561 Sed
568 522 733 561 tamen
757 512 808 561 in
832 512 907 562 his
931 514 1007 561 vel
1031 512 1372 575 asperitatibus
1397 529 1557 561 rerum
1581 515 1658 563 vel
1671 515 1907 578 angustiis

253 592 488 655 temporis
513 593 757 655 obsequar
788 592 961 642 studiis
986 592 1163 642 nostris
1196 601 1243 642 et
1268 602 1508 655 quantum
1533 594 1653 642 mihi
1677 597 1754 644 vel
1777 597 1906 646 fraus
1930 613 1954 655 5

253 672 564 722 inimicorum
601 674 678 721 vel
719 688 894 722 causae
940 669 1210 722 amicorum
1248 675 1326 721 vel
1371 690 1446 722 res
1487 674 1687 736 publica
1726 675 1906 725 tribuet

202 776 230 815 4
254 752 337 812 oti,
364 754 429 801 ad
461 752 776 801 scribendum
808 753 1119 815 potissimum
1152 755 1401 802 conferam
1418 772 1433 814 ,-
1472 753 1562 802 tibi
1590 757 1904 816 vero,-frater‚

253 849 414 894 neque
438 832 650 881 hortanti
685 834 834 881 deero
858 849 1020 896 neque
1052 832 1254 896 roganti,
1281 850 1397 881 nam
1427 849 1589 896 neque
1619 835 1906 885 auctoritate

253 911 512 974 quisquam
547 914 682 974 apud
717 929 797 961 me
831 914 941 975 plus
972 914 1132 961 valere
1167 922 1215 961 te
1250 922 1413 975 potest
1444 929 1607 976 neque
1637 916 1924 980 voluntate.

197 1003 229 1038 2
253 994 328 1039 Ac
353 991 473 1039 mihi
497 994 764 1054 repetenda
787 1001 860 1041 est
882 992 1058 1042 veteris
1082 992 1338 1042 cuiusdam
1371 994 1637 1043 memoriae
1661 1011 1762 1044 non
1787 1007 1840 1044 sa
1855 953 1991 1045 ’ἒῗῖιοι

253 1072 368 1120 satis
397 1072 635 1135 explicata
666 1046 953 1132 recoidiiti'o,
981 1074 1082 1133 sed,
1110 1082 1163 1122 ut
1194 1073 1411 1134 arbitror,
1438 1083 1553 1136 apta
1583 1076 1647 1124 ad
1676 1074 1741 1134 id,
1768 1077 1906 1138 quod

251 1152 467 1214 requiris,
516 1162 570 1201 ut
617 1169 886 1215 cognoscas
934 1169 1060 1216 quae
1106 1152 1194 1201 viri
1240 1153 1463 1202 omnium
1517 1155 1906 1217 eloquentissimi

203 1250 225 1289 5
253 1231 604 1295 clarissimique
629 1233 867 1282 senserint
895 1234 959 1282 de
983 1232 1120 1282 omni
1148 1232 1336 1282 ratione
1359 1233 1570 1283 dicendi.
1643 1235 1731 1284 Vis
1755 1235 1903 1295 enim,

228 1321 306 1361 vut
334 1312 456 1360 mihi
488 1329 634 1375 saepe
666 1313 842 1373 dixisti,
874 1313 1124 1376 quoniam,
1155 1330 1282 1376 quae
1312 1313 1475 1376 pueris
1506 1323 1591 1363 aut
1621 1315 1906 1365 adulescen-

251 1392 363 1441 tulis
410 1392 554 1441 nobis
601 1409 661 1441 ex
705 1393 1120 1443 commentariolis
1167 1392 1343 1442 nostris
1389 1392 1621 1443 incohata
1665 1411 1724 1443 ac
1764 1396 1906 1447 rudia
1927 1415 1976 1457 15

251 1471 548 1532 exciderunt,
575 1472 654 1521 vix
684 1480 801 1524 sunt
820 1475 914 1523 hac
944 1481 1103 1522 aetate
1136 1472 1284 1534 digna
1315 1480 1363 1520 et
1394 1473 1491 1521 hoc
1523 1490 1638 1532 usu,
1661 1489 1810 1537 quem
1845 1492 1906 1525 ex

251 1552 423 1612 causis,
451 1568 572 1615 quas
605 1552 830 1612 diximus,
857 1561 930 1602 tot
954 1551 1200 1614 tantisque
1228 1551 1482 1601 consecuti
1506 1569 1690 1613 sumus,
1716 1553 1906 1618 aliquid

249 1630 436 1682 eisdem
475 1634 538 1681 de
584 1632 729 1681 rebus
776 1632 974 1695 politius
1015 1649 1045 1680 a
1084 1631 1229 1681 nobis
1274 1631 1636 1695 perfectiusque
1671 1633 1875 1696 proferri
1890 1652 1906 1696 3

249 1713 476 1774 solesque
507 1729 609 1761 non
642 1728 915 1776 numquam
947 1714 1041 1760 hac
1074 1713 1138 1761 de
1169 1728 1221 1779 re
1244 1729 1274 1760 a
1298 1728 1378 1760 me
1402 1711 1454 1760 in
1487 1711 1908 1775 disputationibus,

248 1792 425 1841 nostris
489 1792 758 1852 dissentire,
815 1793 953 1855 quod
1003 1808 1095 1855 ego
1149 1791 1588 1842 eruditissimorum
1642 1792 1903 1844 hominum
1925 1814 1977 1844 20

246 1871 430 1921 artibus
465 1872 797 1935 eloquentiam
835 1872 1074 1921 contineri
1115 1880 1339 1932 statuam,
1379 1881 1433 1920 tu
1466 1881 1633 1921 autem
1667 1872 1800 1923 illam
1837 1875 1904 1924 ab

247 1952 488 2015 elegantia
520 1953 773 2002 doctrinae
796 1954 1146 2016 segregandam
1177 1961 1320 2015 putes
1345 1961 1393 2001 et
1417 1951 1468 2000 in
1492 1953 1712 2016 quodam
1735 1953 1902 2018 ingeni

209 2057 213 2061 Δ
246 2041 394 2095 atque
417 2033 775 2082 exercitationis
799 2049 976 2096 genere
999 2034 1297 2096 ponendam.

195 2123 220 2164 6
314 2115 389 2160 Ac
424 2113 544 2160 mihi
581 2113 784 2176 quidem
819 2130 967 2176 saepe
998 2130 1204 2162 numero
1239 2113 1290 2161 in
1326 2128 1547 2162 summos
1582 2112 1810 2163 homines
1841 2131 1901 2164 ac

246 2193 450 2241 summis
482 2193 689 2255 ingeniis
720 2194 967 2256 praeditos
999 2194 1207 2243 intuenti
1240 2195 1578 2256 quaerendum
1609 2210 1717 2242 esse
1740 2194 1900 2244 visum
1925 2216 1973 2258 25

245 2283 318 2321 est
343 2273 463 2335 quid
487 2283 614 2322 esset
646 2290 732 2322 cur
754 2276 917 2336 plures
940 2274 991 2322 in
1011 2274 1241 2323 omnibus
1265 2275 1410 2322 rebus
1435 2290 1585 2336 quam
1608 2272 1660 2321 in
1684 2273 1902 2325 dicendo

244 2353 555 2402 admirabiles
580 2354 874 2403 exstitissent
891 2373 905 2414 3
940 2371 1054 2403 nam
1089 2370 1404 2417 quocumque
1428 2362 1477 2402 te
1507 2353 1676 2402 animo
1700 2362 1748 2402 et
1772 2354 1903 2418 cogi-

244 2434 429 2482 tatione
461 2434 769 2494 converteris,
796 2436 1064 2497 permultos
1099 2434 1379 2483 excellentis
1403 2433 1454 2481 in
1487 2449 1690 2496 quoque
1720 2449 1900 2497 genere

242 2513 432 2562 videbis
473 2531 574 2562 non
622 2514 944 2563 mediocrium
990 2514 1180 2574 artium,
1225 2516 1313 2563 sed
1358 2530 1513 2577 prope
1558 2514 1892 2566 maximarum.

197 2613 218 2656 7
244 2594 369 2654 Quis
405 2595 537 2642 enirn
570 2604 643 2644 est
676 2595 774 2658 qui,
810 2596 849 2645 si
882 2598 1123 2645 clarorum
1151 2595 1411 2645 hominum
1444 2594 1701 2644 scientiam
1733 2612 1895 2646 rerum
1919 2613 1972 2654 30

241 2684 485 2737 gestarum
532 2678 608 2724 vel
655 2676 862 2725 utilitate
906 2677 983 2725 vel
1031 2675 1369 2739 magnitudine
1414 2675 1574 2724 metiri
1619 2675 1749 2736 velit,
1792 2691 1895 2726 non

240 2764 508 2818 anteponat
537 2755 715 2805 oratori
744 2756 1088 2818 imperatorem
1104 2759 1126 2804 Ρ
1195 2755 1321 2818 Quis
1352 2764 1518 2815 autem
1550 2755 1743 2805 dubitet
1773 2755 1895 2819 quin

295 2884 347 2922 M
364 2902 398 2915 =
418 2883 508 2922 HE
665 2896 691 2922 2
721 2883 782 2922 eis
802 2897 883 2923 om.
906 2882 960 2921 M
1063 2897 1088 2932 4
1117 2883 1182 2922 his
1203 2884 1239 2922 L
1259 2897 1268 2922 :
1298 2884 1360 2923 eis
1379 2882 1432 2921 M
1541 2895 1591 2923 10
1617 2895 1726 2923 sane
1741 2895 1823 2923 om.
1845 2882 1900 2922 M

246 2951 293 2985 14
323 2939 527 2986 quaedam
548 2935 806 2976 Lambinus:
834 2938 1028 2988 expunxit
1051 2937 1214 2976 Ellendt
1467 2939 1519 2977 16
1544 2942 1643 2977 sunt
1661 2937 1756 2978 add.
1771 2936 1907 2987 Sorof

241 2994 294 3030 26
323 2992 448 3029 rebus
468 2990 521 3028 M
534 3004 543 3029 ε
572 2991 731 3029 artibus
753 2992 787 3029 L
952 2992 1004 3029 28
1034 3003 1298 3040 quocumque
1319 2990 1372 3028 M
1784 3023 1788 3027 .
