2150 3444
101 136 176 186 60
196 155 272 199 243
755 140 824 188 M.
864 139 1088 188 TVLLI·
1112 140 1494 190 CICERONIS

292 277 415 326 haec
438 278 540 327 duo
570 294 749 342 genera
777 286 890 328 sunt
925 278 1029 328 eius
1058 276 1264 338 ridiculi,
1291 279 1428 342 quod
1456 278 1507 328 in
1539 296 1590 330 re
1617 279 1833 345 positum
1857 286 1944 343 est,

289 374 416 422 quae
451 367 564 407 sunt
598 358 792 422 propria
833 367 1178 423 perpetuarum
1220 358 1518 420 facetiarum,
1561 360 1613 410 in
1650 361 1830 425 quibus
1866 363 1950 412 de-

289 438 566 489 scribuntur
606 440 865 490 hominum
912 457 1074 490 mores
1120 449 1170 491 et
1215 440 1283 490 ita
1329 442 1635 504 effinguntur,
1678 451 1734 494 ut
1773 451 1857 494 aut
1895 460 1950 495 re

290 529 479 570 narrata
535 521 699 585 aliqua
755 523 924 585 quales
983 521 1079 571 sint
1136 521 1479 585 intellegantur
1535 530 1620 573 aut
1675 521 1950 576 imitatione

287 601 497 652 breviter
532 602 711 652 iniecta
739 602 789 651 in
818 602 984 666 aliquo
1013 602 1191 667 insigni
1223 605 1288 652 ad
1323 602 1639 653 inridendum
1662 602 1782 653 vitio
1815 621 1950 668 repe·
1971 617 1996 660 5

185 698 264 741 244
286 683 482 733 riantur.
557 685 617 732 In
653 682 788 733 dicto
823 692 989 733 autem
1020 683 1282 733 ridiculum
1319 693 1392 734 est
1422 683 1486 744 id,
1520 685 1657 747 quod
1693 683 1830 734 verbi
1865 693 1950 737 aut

286 765 557 817 sententiae
594 767 813 829 quodam
844 765 1072 816 acumine
1105 775 1329 816 movetur
1345 784 1359 826 3
1406 767 1493 815 sed
1526 775 1580 815 ut
1611 765 1662 814 in
1694 765 1780 816 illo
1811 782 1953 830 supe-

285 846 409 897 riore
434 863 609 915 genere
633 848 710 896 vel
734 846 1023 896 narrationis
1047 848 1124 916 vel
1147 846 1434 895 imitationis
1458 846 1658 896 vitanda
1681 855 1754 896 est
1777 845 1951 896 mimo-

286 945 394 977 rum
431 936 479 977 et
514 929 856 990 ethologorum
892 927 1175 988 similitudo,
1203 928 1273 977 sic
1308 927 1360 977 in
1394 929 1491 977 hoc
1526 927 1736 977 scurrilis
1771 926 1950 977 oratori

286 1008 518 1061 dicacitas
554 1024 734 1071 magno
770 1025 919 1071 opere
953 1008 1186 1071 fugienda
1220 1017 1305 1058 est.
1380 1008 1483 1070 Qui
1513 1008 1656 1072 igitur
1687 1007 1951 1072 distingue-
1975 1026 2027 1056 10

287 1105 396 1136 mus
448 1105 478 1136 a
524 1089 714 1148 Crasso,
765 1104 795 1136 a
850 1089 1042 1148 Catulo,
1092 1105 1123 1137 a
1172 1087 1345 1137 ceteris
1399 1087 1688 1139 familiarem
1735 1098 1950 1141 vestrum

287 1168 525 1218 Granium
562 1177 646 1218 aut
670 1171 937 1233 Vargulam
973 1168 1189 1219 amicum
1219 1171 1427 1219 meum?
1496 1171 1615 1218 Non
1644 1186 1724 1220 me
1752 1171 1952 1222 hercule

285 1249 337 1298 in
363 1258 580 1301 mentem
613 1250 736 1299 mihi
760 1249 964 1314 quidem
988 1250 1151 1300 venit:
1188 1259 1302 1300 sunt
1334 1250 1467 1301 enim
1499 1250 1694 1301 dicaces
1709 1268 1724 1313 3
1767 1249 1953 1301 Granio

286 1330 490 1395 quidem
514 1348 663 1382 nemo
688 1331 916 1382 dicacior.
990 1334 1120 1391 Hoc,
1144 1331 1330 1396 opinor,
1358 1332 1586 1396 primum,
1607 1349 1685 1391 ne,
1707 1331 1955 1396 quotiens-

286 1428 502 1478 cumque
547 1413 762 1478 potuerit
808 1413 997 1463 dictum
1044 1413 1157 1475 dici,
1207 1430 1409 1464 necesse
1455 1414 1726 1463 habeamus
1771 1412 1948 1464 dicere.
1977 1429 2028 1472 ¹5

183 1507 261 1551 245
288 1494 500 1544 Pusillus
532 1494 668 1544 testis
703 1494 953 1558 processit.
1025 1497 1040 1523 ‘
1060 1494 1227 1544 Licet'
1251 1494 1452 1558 inquit‘
1469 1511 1637 1558 rogare
1655 1496 1703 1545 ?'
1772 1493 1955 1559 Philip-

286 1593 392 1640 pus.
465 1578 597 1625 Tum
630 1575 877 1640 quaesitor
910 1593 1178 1641 properans
1207 1577 1389 1626 ‘modo
1423 1575 1664 1629 breviter’
1734 1574 1838 1628 Hic
1869 1575 1956 1629 ille

289 1659 419 1707 ‘non
443 1657 728 1709 accusabis:
763 1657 1085 1722 perpusillum
1108 1657 1323 1721 rogab0.’
1376 1656 1619 1707 Ridicule.
1690 1657 1795 1707 Sed
1816 1658 1955 1708 sede-

289 1738 374 1788 bat
396 1738 544 1788 iudex
569 1741 622 1788 L.
651 1738 853 1788 Aurifex
875 1738 1068 1788 brevior
1091 1738 1197 1802 ipse
1221 1755 1371 1802 quam
1395 1737 1532 1788 testis
1563 1737 1744 1790 etiam:
1788 1737 1954 1789 omnis

288 1828 362 1868 est
399 1819 523 1868 risus
557 1819 609 1868 in
649 1819 866 1869 iudicem
907 1836 1171 1870 conversus
1187 1837 1202 1881 3
1249 1819 1410 1870 visum
1447 1827 1522 1871 est
1557 1827 1718 1870 totum
1753 1819 1951 1871 scurrile
1974 1839 2028 1871 20

286 1900 562 1951 ridiculum.
637 1902 768 1964 Ergo
800 1901 937 1960 haee,
964 1917 1092 1964 quae
1123 1901 1300 1951 cadere
1331 1908 1538 1964 possunt
1565 1899 1617 1949 in
1649 1915 1774 1964 quos
1805 1899 1948 1961 noliS,

184 1989 265 2046 246
288 1980 512 2044 quamvis
554 1980 651 2030 sint
690 1981 833 2040 bella,
878 1990 993 2030 sunt
1038 1990 1205 2031 tamen
1245 1980 1355 2045 ipso
1388 1996 1566 2044 genere
1601 1979 1851 2042 scurrilia;
1894 1988 1952 2032 ut

285 2061 392 2122 iste,
421 2060 505 2124 qui
529 2078 582 2110 se
605 2063 708 2111 vult
740 2061 963 2111 dicacem
988 2068 1037 2111 et
1061 2078 1142 2111 me
1165 2063 1364 2112 hercule
1388 2070 1475 2123 est,
1502 2060 1707 2125 AppiuS,
1735 2062 1823 2111 sed
1846 2077 1950 2111 non

285 2158 561 2206 numquam
615 2142 667 2192 in
717 2144 814 2193 hoc
860 2142 1034 2192 vitium
1085 2143 1284 2193 scurrile
1329 2142 1584 2195 delabitur.
1678 2146 1690 2169 ‘
1709 2143 1916 2193 Cenabo
1935 2144 1947 2168 ³

286 2222 448 2287 inquit
478 2225 634 2287 ‘apud
663 2225 741 2284 te,'
772 2223 888 2273 huic
919 2226 1059 2274 lusco
1086 2224 1311 2276 familiari
1338 2241 1465 2286 me0,
1501 2225 1556 2276 C.
1584 2223 1750 2275 Sextio
1766 2242 1781 2285 ;
1829 2227 1842 2250 ‘
1859 2221 1947 2273 uni
1971 2241 2022 2283 25

289 2305 423 2355 enim
460 2306 627 2355 locum
667 2321 774 2355 esse
814 2305 991 2355 video.'
1061 2307 1151 2355 Est
1191 2307 1288 2356 hoc
1327 2304 1538 2366 scurrile,
1582 2313 1632 2356 et
1668 2305 1805 2369 quod
1842 2303 1948 2355 sine
2079 2295 2081 2297 ¹

289 2402 438 2435 causa
474 2384 716 2434 lacessivit
756 2394 806 2435 et
845 2394 1012 2435 tamen
1052 2385 1105 2436 id
1145 2385 1279 2446 dixit,
1318 2387 1455 2450 quod
1495 2385 1547 2434 in
1587 2384 1748 2436 omnis
1789 2386 1953 2435 luscos

289 2465 604 2527 conveniret,
650 2483 721 2527 ea,
757 2466 874 2529 quia
908 2465 1145 2516 meditata
1178 2475 1412 2531 putantur
1446 2483 1566 2528 esse,
1598 2466 1760 2515 minus
1796 2465 1953 2516 riden-

290 2555 400 2598 tur:
458 2546 580 2596 illud
626 2546 873 2610 egregium
916 2546 1048 2596 Sexti
1095 2555 1145 2597 et
1191 2564 1251 2596 ex
1297 2556 1519 2611 tempore
1559 2549 1574 2574 ‘
1593 2562 1768 2596 manus
1814 2548 1951 2595 lava'

188 2643 266 2689 247
290 2626 451 2691 inquit
474 2629 489 2654 ‘
508 2636 557 2677 et
585 2629 738 2678 cena.'
807 2627 1068 2692 Temporis
1098 2627 1243 2691 igitur
1275 2627 1397 2677 ratio
1429 2635 1478 2677 et
1506 2626 1657 2691 ipsius
1680 2625 1951 2676 dicacitatis
1973 2636 2027 2679 30'

346 2753 399 2791 M
415 2774 450 2787 =
471 2755 581 2793 HA2
727 2767 753 2805 5
781 2756 885 2795 irrid
905 2787 914 2796 .
942 2785 952 2796 .
977 2786 986 2795 .
1010 2768 1057 2795 re
1078 2783 1089 2796 .
1112 2785 1122 2796 .
1145 2786 1156 2796 .
1177 2768 1262 2795 om.
1286 2754 1340 2794 M
1357 2755 1432 2807 (sp.
1457 2755 1560 2806 vac.)
1698 2755 1726 2793 8
1752 2752 1951 2796 vitandae·

292 2813 336 2847 et
355 2807 409 2846 M
525 2811 574 2847 16
603 2810 813 2860 processit
833 2823 916 2850 om.
941 2808 995 2848 M
1116 2810 1165 2848 18
1194 2810 1353 2859 rogabo
1373 2822 1455 2850 om.
1476 2808 1529 2847 H
1542 2821 1639 2854 cum
1658 2807 1774 2861 hiatu
1900 2818 1952 2858 19

293 2863 420 2901 etiam
445 2875 569 2912 quam
595 2864 688 2913 ipse
718 2864 841 2903 testis
866 2863 904 2902 L
1069 2876 1118 2902 21
1152 2864 1373 2903 ridiculum
1392 2861 1465 2902 M:
1497 2861 1695 2901 iudicium
1716 2860 1752 2898 L
1855 2864 1954 2912 post

292 2922 470 2966 possunt
490 2917 619 2967 deficit
634 2917 677 2956 A
700 2931 797 2957 cum
816 2918 906 2958 suis
1017 2916 1071 2955 M
1084 2936 1119 2950 =
1132 2916 1185 2955 H
1303 2918 1356 2955 26
1385 2916 1459 2955 Est
1479 2928 1563 2955 om.
1587 2914 1641 2953 H
1744 2914 1856 2963 quod
1875 2913 1929 2952 H
1935 2927 1947 2976 ξ

292 2977 336 3010 et
355 2971 467 3019 quod
487 2970 523 3008 L
543 2985 553 3010 ε
595 2972 766 3020 quidem
785 2971 844 3010 le:
875 2970 1045 3021 quidem
1067 2976 1109 3010 et
1129 2971 1241 3020 quod
1263 2983 1281 3007 ε
1445 2981 1496 3018 27
1526 2969 1569 3009 id
1590 2967 1694 3008 dixit
1714 2967 1827 3024 ναξ.
1849 2981 1858 3005 :
1904 2979 1947 3006 m

291 3024 398 3064 dixit
417 3024 487 3063 H:
521 3025 671 3064 indixit
691 3026 726 3064 le
743 3040 752 3065 z
782 3025 889 3065 dixit
909 3025 966 3063 Le
984 3038 992 3063 :
1023 3024 1098 3063 uni
1118 3023 1223 3062 dixit
1242 3022 1440 3064 Friedrich
