2150 3444
769 155 864 205 DE
900 154 1240 206 ORATORE
1313 157 1336 204 Ι
1924 168 1989 220 55
2009 173 2087 219 235

228 313 363 349 novo
384 305 434 348 et
456 296 622 348 alieno
644 304 820 348 ornatu
843 295 964 346 velis
987 311 1161 345 ornare
1184 294 1301 344 iuris
1327 294 1481 344 civilis
1506 294 1776 358 scientiam,
1805 314 1897 348 suo

227 385 431 444 quoque
467 395 578 429 eam
617 394 858 429 concesso
903 386 953 427 et
999 376 1180 427 tradito
1228 375 1410 440 spolies
1455 385 1606 441 atque
1652 379 1889 428 denudes.

228 461 395 521 Nam,
425 459 467 510 si
512 460 581 510 ita
626 460 830 520 diceres,
870 458 956 523 qui
993 457 1110 508 iuris
1153 459 1408 507 consultus
1447 467 1589 518 esset,
1635 475 1742 508 esse
1780 475 1894 508 eum
1927 465 2005 518 ²36

225 549 486 602 oratorem,
512 540 732 605 itemque
767 540 853 604 qui
888 547 1017 590 esset
1049 547 1226 599 orator,
1253 538 1370 588 iuris
1403 540 1619 588 eundern
1650 556 1757 589 esse
1782 556 1896 590 con-

173 640 205 683 .5
224 624 425 682 sultum,
442 624 714 687 praeclaras
732 622 857 672 duas
879 620 996 670 artis
1021 619 1345 670 constitueres
1369 628 1519 684 atque
1542 619 1669 670 inter
1692 637 1745 669 se
1768 621 1896 684 paris

228 713 279 755 et
314 703 538 754 eiusdem
576 703 735 754 socias
773 702 1036 767 dignitatis.
1110 703 1262 751 Nunc
1302 718 1418 751 vero
1456 701 1572 751 iuris
1615 703 1896 751 consultum

226 785 334 835 sine
361 787 456 835 hac
485 784 783 850 eloquentia,
827 786 892 835 de
930 801 1043 849 qua*
1065 783 1361 848 quaerimuS,
1393 783 1557 832 fateris
1590 799 1698 833 esse
1732 799 1893 847 posse,

220 866 477 932 :fuisseque
513 866 787 931 plun‘mos3
834 875 1079 916 oratorem
1117 882 1282 929 negaS‚
1327 864 1422 914 nisi
1459 864 1593 913 illam
1641 864 1896 914 scientiam

226 948 569 1012 adsumpserit,
587 965 695 998 esse
713 963 874 1012 posse.
943 949 1021 997 Ita
1045 955 1119 996 est
1143 946 1235 996 tibi
1259 946 1376 996 iuris
1402 948 1656 996 consultus
1681 946 1786 1010 ipse
1810 962 1898 1010 per

145 1050 206 1081 ιο
226 1047 280 1080 se
319 1030 444 1080 nihil
489 1029 584 1080 nisi
631 1029 869 1093 leguleius
916 1028 1123 1093 quidam
1162 1037 1335 1077 cautus
1384 1036 1433 1077 et
1479 1037 1668 1088 acutUS‚
1718 1044 1897 1091 praeco

224 1111 494 1172 actionum,
520 1120 693 1161 cantor
715 1112 1051 1171 formularum,
1077 1126 1263 1173 auceps
1288 1110 1586 1173 syllabarum
1607 1127 1621 1170 3
1657 1111 1746 1159 sed
1781 1109 1898 1174 quia

226 1209 375 1257 saepe
408 1193 560 1243 utitur
599 1201 763 1243 orator
804 1191 1029 1241 subsidio
1067 1190 1183 1240 iuris
1222 1189 1274 1239 in
1317 1190 1492 1251 causiS‚
1534 1189 1720 1240 ideirco
1752 1190 1896 1240 istam

225 1273 343 1325 iuris
383 1273 640 1324 scientiam
698 1266 1013 1338 eloquentiae
1070 1281 1326 1336 tamquam
1372 1271 1656 1321 ancillulam
1708 1271 1898 1336 pedise-

225 1371 477 1420 quamque
510 1354 789 1406 adiunxisti.

156 1457 202 1501 ¹5
293 1437 449 1500 Quod
470 1453 588 1487 vero
611 1435 972 1501 impudentiam
990 1434 1261 1486 admiratus
1285 1451 1339 1485 es
1363 1451 1535 1485 eorum
1559 1444 1894 1499 patronorum,

223 1518 312 1584 qui
333 1528 433 1580 aut,
460 1535 575 1569 cum
612 1535 762 1583 parva
798 1518 1059 1579 nescirent,
1099 1534 1279 1582 magna
1316 1519 1661 1582 profiterentur
1698 1527 1783 1568 aut
1822 1535 1895 1580 ea,

224 1616 355 1665 quae
367 1600 582 1650 maxima
605 1608 770 1650 essent
794 1600 846 1649 in
869 1600 973 1650 iure
992 1599 1135 1660 civili,
1157 1608 1364 1650 tractare
1386 1601 1627 1650 auderent
1651 1600 1702 1649 in
1721 1600 1895 1662 causiS‚

224 1698 340 1732 cum
387 1698 446 1731 ea
491 1681 738 1731 nescirent
778 1697 1153 1745 numquamque
1190 1680 1494 1741 didicissent,
1534 1681 1789 1746 utriusque
1828 1682 1899 1731 rei

223 1762 379 1813 facilis
434 1771 508 1812 est
555 1771 604 1812 et
649 1771 880 1826 prompta
925 1761 1163 1811 defensio.
1260 1763 1393 1812 Nam
1445 1778 1609 1826 neque
1655 1762 1778 1812 illud
1824 1771 1898 1812 est

151 1863 204 1892 20
224 1843 520 1906 mirandum,
547 1843 646 1909 qui,
664 1844 845 1908 quibus
867 1843 1029 1893 verbis
1054 1843 1304 1907 coemptio
1328 1844 1428 1904 fiat,
1453 1844 1654 1905 nesciat,
1681 1846 1898 1895 eundem

225 1925 331 1976 eius
377 1926 608 1988 mulieriS,
657 1943 786 1991 quae
832 1925 1202 1989 coemptionem
1260 1926 1442 1987 fecerit,
1493 1943 1692 1976 causam
1750 1944 1898 1991 posse

225 2009 527 2071 defendere3
583 2025 691 2069 nec,
737 2007 778 2058 si
818 2007 955 2071 parvi
992 2007 1156 2071 navigi
1197 2015 1248 2057 et
1288 2007 1455 2072 magni
1502 2010 1678 2058 eadem
1725 2018 1799 2058 est
1845 2010 1896 2058 in

223 2089 548 2154 gubernando
573 2090 790 2151 scientia,
817 2090 1004 2140 idcirco
1036 2090 1136 2154 qui,
1164 2090 1346 2154 quibus
1381 2091 1543 2140 verbis
1567 2100 1755 2140 erctum
1781 2092 1897 2141 cieri

225 2180 464 2236 oporteat,
494 2173 695 2233 nesciat,
736 2172 871 2222 idern
907 2172 1229 2221 erciscundae
1265 2172 1480 2222 familiae
1518 2189 1718 2222 causam
1753 2190 1897 2237 agere

150 2270 201 2312 ²5
225 2269 328 2303 non
362 2253 530 2317 possit.
605 2255 752 2314 Nam,
780 2254 918 2317 quod
956 2253 1195 2302 maximas
1233 2253 1598 2302 centumviralis
1636 2271 1808 2304 causas
1843 2255 1894 2304 in
1924 2262 2002 2313 238

225 2333 329 2383 iure
352 2333 537 2398 positas
562 2333 819 2398 protulisti,
847 2351 975 2398 quae
1004 2335 1210 2383 tandem
1246 2350 1416 2383 earum
1452 2350 1601 2383 causa
1635 2335 1739 2395 fuit,
1767 2353 1895 2399 quae

223 2415 290 2464 ab
313 2414 517 2465 homine
541 2415 792 2479 eloquenti
816 2415 932 2464 iuris
956 2415 1186 2479 imperito
1210 2432 1313 2465 non
1338 2416 1649 2466 ornatissime
1680 2419 1895 2481 potuerit

224 2495 364 2546 dici?
433 2495 629 2558 Quibus
671 2497 874 2560 quidem
912 2497 963 2545 in
1012 2497 1171 2547 causis
1219 2498 1468 2558 omnibus,
1518 2499 1644 2548 sicut
1691 2498 1742 2548 in
1789 2499 1895 2564 ipsa

226 2578 312 2628 M'.
354 2577 487 2638 Curi,
526 2594 654 2641 quae
700 2577 789 2627 abs
836 2587 885 2627 te
931 2595 1089 2642 nuper
1129 2588 1203 2628 est
1244 2579 1390 2640 dicta,
1432 2587 1481 2628 et
1522 2579 1573 2628 in
1610 2581 1666 2631 C.
1708 2582 1895 2632 Hostili

152 2677 204 2716 30
228 2658 452 2708 Mancini
477 2659 808 2708 controversia
844 2670 993 2723 atque
1026 2660 1077 2708 in
1102 2677 1162 2709 eo
1187 2677 1355 2724 puero,
1384 2661 1469 2725 qui
1494 2679 1554 2711 ex
1575 2664 1727 2713 altera
1751 2674 1895 2714 natus

226 2749 328 2789 erat
352 2756 517 2801 uxore,
544 2757 646 2790 non
683 2740 888 2790 remisso
920 2742 1096 2790 nuntio
1126 2742 1377 2805 superiori,
1404 2743 1495 2792 fuit
1519 2743 1645 2793 inter
1667 2745 1895 2807 peritissi-

226 2838 335 2870 mos
359 2821 588 2871 homines
613 2839 806 2872 summa
845 2824 908 2872 de
941 2822 1044 2872 iure
1068 2823 1342 2874 dissensio:
1379 2841 1564 2889 quaero
1588 2826 1745 2890 igitur,
1772 2828 1894 2891 quid
1920 2843 1999 2885 239

223 2903 463 2953 adiuverit
487 2913 732 2953 oratorem
758 2904 807 2953 in
841 2904 916 2953 his
954 2905 1113 2954 causis
1146 2905 1261 2955 iuris
1287 2906 1505 2968 scientia,
1533 2925 1647 2957 curn
1672 2909 1754 2958 hic
1778 2908 1893 2959 iuris

1923 1405 1993 1465 56

1927 1492 2005 1534 ²37

448 3046 501 3084 23
531 3039 690 3073 erctum
712 3034 813 3073 cieri
835 3035 1004 3074 restituit
1029 3034 1248 3076 Victorius:
1280 3037 1508 3076 turbantur
1523 3037 1665 3078 codioes
