2150 3444
121 144 192 202 46
210 152 288 204 194
763 144 834 192 M.
872 142 1084 190 TVLLI
1121 142 1503 192 CICERONIS

307 284 498 332 bonum
533 281 906 332 neminem—id
935 282 1071 345 quod
1095 298 1126 330 a
1150 280 1437 330 Democrito
1464 289 1514 329 et
1546 283 1752 331 Platone
1775 281 1828 330 in
1852 280 1963 331 scri·

307 363 403 427 ptis
451 364 674 413 relictum
721 381 828 413 esse
866 361 1213 412 dicunt—sine
1258 360 1646 411 inflammatione
1683 361 1963 413 animomm

220 461 287 510 47
308 443 536 494 exsistere
567 461 712 510 posse
740 453 790 493 et
818 444 924 492 sine
959 445 1178 506 quodam
1205 444 1391 491 adfiatu
1422 441 1563 505 quasi
1589 441 1776 492 furoris.
1849 444 1964 505 Qua

308 541 360 574 re
382 524 534 575 nolite
559 525 832 574 existimare
851 541 932 574 me
954 523 1130 587 ipsum,
1150 522 1236 587 qui
1259 540 1362 572 non
1385 524 1592 572 heroum
1609 531 1796 573 veteres
1819 539 1963 572 casus

308 606 549 669 fictosque
595 608 757 654 luctus
793 604 943 654 velim
989 603 1166 652 imitari
1212 613 1361 667 atque
1406 603 1700 653 adumbrare
1747 603 1962 654 dicendo
1985 616 2011 659 5

308 703 471 749 neque
510 695 647 736 actor
678 685 774 736 sim
808 685 999 736 alienae
1034 702 1286 749 personae,
1325 686 1413 734 sed
1449 693 1620 734 auctor
1655 701 1809 745 meae,
1847 701 1962 735 cum

309 766 430 815 mihi
463 768 549 815 Μ’.
581 768 807 830 Aquilius
833 765 884 816 in
919 765 1114 815 civitate
1149 765 1434 815 retinendus
1467 774 1608 826 esset,
1644 783 1771 829 quae
1805 765 1858 814 in
1881 764 1964 814 illa

208 861 285 906 195
308 865 456 897 causa
478 850 752 911 peroranda
774 847 988 907 fecerim,
1026 847 1134 897 sine
1162 863 1342 911 magno
1373 849 1544 897 dolore
1573 846 1775 897 secisse:
1811 863 1962 912 quem

308 928 442 977 enim
471 945 563 991 ego
593 930 850 978 consulem
877 927 1041 987 fuisse,
1068 927 1412 992 imperatorem
1445 936 1672 978 ornatum
1707 945 1738 978 a
1771 937 1959 988 senatu,

309 1017 539 1057 ovantem
573 1007 625 1056 in
661 1008 962 1072 Capitolium
992 1008 1274 1058 ascendisse
1305 1009 1654 1070 meminissem,
1681 1010 1815 1058 hunc
1847 1025 1962 1058 cum
1988 1028 2038 1058 ιο

306 1088 576 1148 adflictum,
610 1088 936 1149 debilitatum,
971 1098 1285 1150 maerentem,
1323 1088 1375 1138 in
1411 1106 1661 1138 summum
1698 1088 1964 1140 discrimen

307 1170 581 1219 adductum
614 1169 846 1230 viderem,
884 1186 987 1218 non
1023 1170 1156 1234 prius
1191 1187 1302 1219 sum
1335 1180 1544 1220 conatus
1578 1170 1964 1221 misericordiam

307 1249 414 1298 aliis
438 1267 750 1299 commovere
769 1267 918 1314 quam
943 1249 1276 1300 misericordia
1306 1267 1417 1300 sum
1441 1250 1547 1314 ipse
1564 1259 1750 1316 captuS.
1821 1250 1965 1301 Sensi

307 1330 540 1395 equidem
578 1340 683 1380 tum
722 1349 902 1396 magno
940 1349 1088 1395 opere
1130 1331 1315 1382 moveri
1351 1331 1552 1391 iudices,
1602 1349 1718 1382 cum
1757 1330 1965 1382 excitavi

308 1421 551 1462 maestum
585 1430 645 1462 ac
680 1413 986 1463 sordidatum
1023 1430 1194 1463 senem
1228 1422 1278 1463 et
1312 1430 1427 1462 cum
1462 1413 1556 1462 ista
1583 1412 1690 1472 feci,
1728 1429 1858 1477 quae
1892 1421 1961 1473 tn,
1989 1421 2039 1474 ιε’

306 1494 497 1552 Crasse,
541 1495 726 1554 laudas,
767 1511 870 1544 non
903 1503 1019 1554 arte,
1058 1496 1123 1544 de
1157 1510 1257 1558 qua
1291 1493 1412 1557 quid
1447 1495 1620 1556 loquar
1653 1493 1836 1554 nescio,
1873 1494 1963 1544 sed

309 1582 449 1623 motu
484 1591 664 1638 magno
698 1574 850 1623 animi
884 1592 943 1623 ac
977 1576 1162 1635 dolore,
1194 1583 1249 1623 ut
1280 1574 1611 1624 discinderem
1645 1573 1878 1634 tunicam,
1909 1581 1964 1623 ut

208 1659 288 1714 196
308 1654 558 1704 cicatrices
582 1657 906 1705 ostenderem.
981 1656 1111 1705 Cum
1137 1656 1192 1705 C.
1222 1654 1410 1703 Marius
1435 1671 1706 1704 maerorem
1730 1652 1963 1703 orationis

308 1752 453 1785 meae
489 1752 718 1799 praesens
755 1753 814 1785 ac
851 1737 1030 1786 sedens
1068 1738 1281 1785 multum
1322 1735 1533 1784 lacrimis
1571 1735 1672 1784 suis
1711 1734 1962 1784 adiuvaret

308 1833 523 1880 cumque
547 1834 638 1880 ego
662 1816 801 1865 illum
833 1818 1005 1866 crebro
1028 1819 1282 1880 appellans
1311 1818 1569 1879 conlegam
1592 1815 1639 1864 ei
1662 1832 1807 1864 suum
1830 1831 1962 1864 com-
1986 1835 2036 1865 πο

308 1897 595 1946 mendarem
617 1905 765 1959 atque
796 1896 958 1959 ipsum
993 1897 1289 1946 advocatum
1321 1898 1385 1946 ad
1410 1913 1727 1946 communem
1758 1896 1963 1961 impera-

309 1986 473 2026 torum
495 1979 741 2026 fortunam
765 1978 1131 2026 defendendam
1156 1976 1450 2036 invocarem,
1469 1994 1571 2026 non
1594 1976 1686 2025 fuit
1709 1978 1832 2026 haec
1856 1976 1962 2027 sine

310 2057 433 2107 meis
447 2057 671 2118 lacrimis,
689 2075 791 2107 non
815 2057 919 2107 sine
943 2060 1114 2108 dolore
1140 2056 1360 2124 [magno]
1378 2057 1624 2107 miseratio
1639 2057 1963 2123 omniumque
2027 2096 2029 2099 v

308 2140 518 2188 deorum
554 2147 603 2187 et
648 2137 907 2187 hominum
945 2147 994 2187 et
1034 2128 1216 2187 civium
1262 2147 1312 2187 et
1358 2138 1603 2188 sociorum
1649 2137 1961 2202 implorati03

309 2219 492 2284 quibus
528 2219 758 2269 omnibus
804 2219 978 2279 verbis,
1028 2236 1156 2283 quae
1196 2237 1226 2269 a
1262 2237 1343 2269 me
1383 2229 1490 2269 tum
1531 2228 1645 2269 sunt
1689 2219 1871 2281 habita,
1920 2219 1961 2270 si
1986 2233 2036 2275 25
2078 2282 2082 2285 Δ

309 2303 453 2351 dolor
475 2300 674 2350 afuisset
711 2317 863 2360 meus,
900 2318 1003 2350 non
1033 2302 1187 2351 modo
1222 2318 1324 2350 non
1357 2300 1659 2360 miserabilis,
1691 2302 1780 2351 sed
1812 2300 1960 2350 etiam

308 2381 567 2431 inridenda
589 2380 759 2430 fuisset
783 2381 938 2431 oratio
962 2399 1084 2432 mea.
1160 2383 1324 2443 Quam
1350 2382 1416 2431 ob
1435 2399 1538 2431 rem
1562 2383 1659 2431 hoc
1682 2399 1770 2432 vos
1785 2383 1957 2441 doceo,

308 2462 505 2526 Sulpici,
534 2463 695 2512 bonus
731 2481 824 2527 ego
860 2463 1090 2514 videlicet
1123 2472 1273 2527 atque
1307 2462 1528 2513 eruditus
1564 2462 1803 2526 magister,
1831 2470 1886 2511 ut
1908 2461 1961 2510 in

209 2557 287 2603 197
310 2543 524 2593 dicendo
559 2544 712 2605 irasci,
751 2555 805 2595 ut
833 2548 1014 2605 dolere,
1050 2555 1104 2595 ut
1132 2548 1248 2595 flere
1276 2544 1484 2609 possitis.
1558 2546 1876 2607 Quamquam
1911 2551 1960 2592 te

310 2623 511 2686 quidem
558 2625 678 2688 quid
715 2627 812 2675 hoc
849 2628 1070 2685 doceam,
1115 2625 1202 2689 qui
1238 2625 1290 2674 in
1330 2627 1613 2675 accusando
1653 2623 1810 2674 sodali
1845 2639 1960 2673 meo
1983 2635 2033 2676 30

309 2712 499 2753 tantum
540 2704 825 2755 incendium
863 2724 965 2756 non
1003 2706 1223 2756 oratione
1263 2708 1438 2766 solum,
1482 2706 1570 2755 sed
1611 2704 1758 2754 etiam
1803 2705 1960 2773 multo

363 2830 417 2870 M
433 2853 466 2865 =
487 2833 623 2872 AEH
753 2846 778 2884 5
807 2833 961 2873 vellem
981 2834 1090 2885 vulg.
1223 2846 1272 2872 12
1301 2846 1394 2872 sum
1416 2831 1488 2873 M:
1517 2845 1658 2883 essem
1674 2810 1784 2883 vulg.
1906 2844 1959 2881 23

311 2898 462 2933 magno
479 2888 691 2927 miseratio
707 2889 817 2940 vulg.
837 2902 846 2930 ς
867 2884 960 2928 sine
975 2888 1053 2927 rati
1074 2886 1148 2926 M:
1172 2887 1265 2927 sine
1280 2887 1448 2927 ratione
1463 2899 1508 2926 m
1616 2937 1618 2939 .
1681 2898 1737 2935 30
1762 2883 1898 2934 sodali
1916 2890 1959 2929 et

309 2946 533 2989 quaestore
556 2940 636 2979 ΟΡ
