2150 3444
141 184 208 234 50
230 182 309 223 218

248 545 306 595 51

225 621 304 665 219

218 1637 296 1665 220

797 179 865 227 M.
906 169 1114 227 TVLLI
1153 170 1533 229 CICERONIS

329 324 383 365 ut
419 316 579 368 aliena
618 317 830 387 libasse3
878 320 1031 369 fateor
1068 319 1201 368 enim
1234 319 1466 370 callidum
1499 321 1748 384 quendam
1771 321 1906 372 hunc
1939 329 1989 371 et

330 399 465 447 nulla
500 398 562 447 in‘
591 415 642 448 re
683 399 891 449 tironem
928 416 987 450 ac
1027 401 1201 450 rudem
1242 417 1335 450 nec
1367 400 1676 464 peregrinum
1709 410 1859 466 atque
1903 403 1990 452 ho-

331 478 508 541 spitem
533 479 583 528 in
607 482 801 543 agendo
826 497 933 530 esse
957 481 1151 530 debere.

396 561 574 624 Neque
611 577 727 610 vero
768 561 870 610 istis
912 561 1174 625 tragoediis
1215 561 1325 622 tuiS,
1367 562 1546 626 quibus
1586 563 1658 613 uti
1703 563 1987 629 philosophi

329 641 540 690 maxime
563 643 736 702 solent,
764 642 953 702 Crasse,
979 642 1248 705 perturbor,
1276 644 1412 707 quod
1436 643 1502 693 ita
1534 643 1710 705 dixisti,
1735 645 1986 695 neminem
2010 664 2033 705 5

326 738 472 785 posse
504 738 674 771 eorum
699 722 890 783 mentis,
925 723 1010 787 qui
1044 723 1283 784 audirent,
1317 733 1402 774 aut
1434 724 1737 775 inflammare
1771 725 1987 776 dicendo

324 812 409 852 aut
450 803 775 853 inflammatas
813 803 1123 868 restinguere,
1165 821 1278 854 cum
1320 822 1381 854 eo
1422 806 1633 856 maxime
1669 807 1741 856 vis
1782 807 1986 858 oratoris

323 884 709 948 magnitudoque
733 894 968 945 cernatur,
994 885 1088 934 nisi
1112 885 1197 949 qui
1222 883 1402 952 [rerum
1434 884 1677 954 omnium]
1702 896 1926 937 naturam
1942 894 1992 937 et

323 981 483 1014 mores
511 966 770 1015 hominum
801 974 949 1029 atque
984 965 1196 1015 rationes
1227 966 1423 1030 penitus
1457 968 1767 1032 perspexerit,
1800 968 1851 1017 in
1883 985 1984 1033 quo

322 1045 634 1109 philosophia
658 1046 719 1095 sit
743 1046 922 1095 oratori
941 1046 1217 1095 necessario
1235 1046 1551 1110 percipienda
1571 1066 1585 1109 3
1619 1065 1720 1112 quo
1744 1048 1795 1098 in
1819 1049 1984 1100 studio
2010 1068 2059 1099 10

322 1127 580 1176 hominum
638 1125 877 1194 [quoque]
927 1126 1429 1190 ingeniosissimorum
1477 1128 1984 1194 otiosissimorumque

320 1216 447 1257 totas
482 1216 665 1257 aetates
696 1208 921 1258 videmus
954 1225 1061 1257 esse
1095 1207 1338 1257 contritas,
1413 1209 1639 1270 Quorum
1671 1225 1763 1273 ego
1788 1209 1982 1274 copiam

321 1289 810 1353 magnitudinemque
859 1289 1152 1352 cognitionis
1195 1298 1344 1353 atque
1392 1289 1506 1338 artis
1548 1306 1650 1339 non
1692 1291 1846 1340 modo
1880 1307 1983 1340 non

320 1379 601 1431 contemno,
623 1371 711 1420 sed
735 1370 882 1419 etiam
907 1371 1223 1419 vehementer
1247 1370 1462 1420 admiror
1477 1388 1492 1432 ς
1526 1371 1670 1421 nobis
1695 1381 1875 1433 tamen,
1897 1372 1982 1436 qui

319 1450 370 1498 in
411 1452 509 1500 hoc
545 1453 732 1515 populo
764 1453 970 1515 foroque
1005 1467 1267 1511 versamur,
1305 1451 1420 1501 satis
1462 1460 1536 1501 est
1571 1468 1630 1501 ea
1664 1453 1729 1502 de
1763 1453 1982 1503 motibus
2009 1475 2055 1516 15

318 1530 596 1581 animorum
622 1541 670 1581 et
694 1531 816 1581 scire
840 1540 888 1581 et
913 1531 1076 1582 dicere
1092 1549 1219 1596 quae
1234 1548 1335 1582 non
1351 1533 1616 1583 abhorrent
1638 1533 1703 1583 ab
1721 1533 1981 1584 hominum

320 1613 550 1663 moribus.
625 1613 750 1676 Quis
774 1608 906 1663 enim
931 1630 1167 1678 umquam
1192 1623 1354 1664 orator
1377 1631 1583 1678 magnus
1607 1623 1655 1664 et
1678 1615 1849 1679 gravis,
1867 1631 1980 1665 cum

319 1694 494 1743 iratum
526 1694 802 1744 adversario
838 1695 1053 1744 iudicem
1086 1697 1246 1744 facere
1279 1697 1438 1756 vellet,
1478 1695 1735 1745 haesitavit
1766 1697 1835 1746 ob
1868 1713 1979 1746 eam

319 1792 531 1836 causam,
559 1778 695 1840 quod
719 1776 940 1836 nesciret,
967 1776 1088 1840 quid
1113 1785 1240 1826 esset
1264 1776 1528 1838 iracundia,
1555 1779 1778 1827 fervorne
1801 1777 1979 1828 mentis

317 1874 381 1906 an
398 1857 639 1920 cupiditas
655 1857 893 1921 puniendi
912 1857 1131 1907 doloris?
1197 1858 1340 1920 QuiS,
1362 1875 1475 1908 cum
1496 1867 1683 1908 ceteros
1701 1858 1978 1909 animorum
2004 1877 2054 1906 20

270 1992 273 1995 ,
317 1947 481 1987 motus
499 1947 583 1987 aut
602 1938 845 1988 iudicibus
861 1946 945 1988 aut
963 1939 1149 2002 populo
1168 1938 1382 1988 dicendo
1398 1939 1603 1988 miscere
1625 1948 1775 2003 atque
1797 1939 1979 2003 agitare

213 2447 286 2474 221

317 2020 476 2079 vellet,
515 2036 572 2068 ea
601 2019 733 2079 dixit,
769 2035 895 2083 quae
923 2036 952 2068 a
984 2019 1291 2083 philosophis
1324 2019 1421 2069 dici
1451 2021 1650 2069 solent?
1683 2019 1768 2084 qui
1799 2019 1976 2083 partim

316 2100 521 2150 omnino
550 2109 712 2149 motus
753 2109 933 2164 negant
968 2100 1018 2148 in
1052 2100 1229 2149 animis
1264 2102 1390 2150 ullos
1426 2117 1532 2150 esse
1564 2101 1758 2162 debere,
1793 2100 1978 2165 quique
2048 2150 2051 2153 ,

316 2198 402 2231 eos
445 2182 495 2230 in
533 2181 752 2231 iudicum
790 2181 1038 2231 mentibus
1087 2182 1349 2242 concitent,
1399 2184 1557 2232 scelus
1604 2198 1689 2231 eos
1735 2181 1974 2231 nefarium

315 2264 475 2311 facere
495 2281 512 2324 ,⁰
532 2263 722 2326 partim,
750 2262 834 2326 qui
858 2262 1210 2312 tolerabiliores
1234 2265 1406 2313 volunt
1430 2280 1537 2313 esse
1561 2271 1609 2313 et
1632 2264 1698 2312 ad
1721 2262 1973 2312 veritatem
1999 2281 2047 2321 25

315 2344 442 2393 vitae
470 2344 671 2407 propius
708 2345 956 2404 accedere,
983 2344 1331 2407 permediocris
1365 2361 1424 2394 ac
1455 2345 1619 2408 potius
1654 2344 1773 2394 levis
1810 2353 1974 2394 motus

315 2426 497 2474 debere
521 2442 628 2474 esse
652 2425 834 2474 dicunt.
909 2426 1086 2475 Orator
1109 2434 1274 2475 autem
1299 2426 1466 2475 omnia
1489 2427 1626 2486 haec,
1653 2441 1781 2489 quae
1803 2433 1975 2489 putan-

314 2520 390 2559 tur
436 2510 487 2558 in
518 2510 778 2559 ‘communi
815 2510 943 2559 vitae
990 2508 1347 2559 consuetudine
1393 2509 1522 2557 mala
1566 2523 1626 2557 ac
1671 2508 1879 2556 molesta
1923 2515 1974 2556 et

313 2592 559 2655 fugienda,
586 2593 742 2640 multo
778 2592 963 2640 maiora
998 2600 1046 2640 et
1080 2590 1332 2640 acerbiora
1365 2588 1526 2638 verbis
1557 2587 1705 2648 facit3
1756 2587 1974 2651 itemque

313 2690 388 2733 ea,
412 2689 539 2735 quae
562 2674 709 2735 vulgo
741 2674 1015 2736 expetenda
1047 2680 1196 2735 atque
1231 2670 1465 2734 optabilia
1487 2669 1727 2730 videntur,
1757 2668 1972 2719 dicendo
1997 2685 2048 2724 30
2088 2739 2090 2742 Ι

311 2753 578 2815 amplificat
612 2762 761 2816 atque
795 2763 935 2803 ornat
951 2771 966 2814 3
999 2770 1162 2817 neque
1185 2754 1287 2801 vult
1312 2752 1377 2800 ita
1409 2750 1603 2814 sapiens
1638 2749 1764 2799 inter
1797 2750 1971 2799 stultos

365 2884 391 2922 8
421 2895 560 2922 rerum
580 2884 769 2922 omnium
792 2883 874 2926 secl.
899 2883 1009 2923 Reid
1115 2889 1158 2922 et
1179 2881 1336 2921 addidit
1345 2879 1459 2920 Reid
1618 2892 1663 2919 11
1694 2882 1864 2930 quoque
1883 2891 1968 2919 om.

312 2937 422 2988 vulg.
446 2952 455 2976 ε
486 2937 690 2976 Graeciae
713 2937 834 2977 cima
1002 2950 1050 2988 15
1081 2938 1134 2976 de
1155 2938 1339 2976 motibus
1358 2934 1540 2976 Ernesti:
1575 2934 1628 2974 de
1648 2934 1836 2973 moribus
1857 2931 1966 2973 mdd.

316 3005 363 3042 17
393 2991 581 3030 moribus
599 2990 707 3031 codd.
732 3005 740 3030 τ
769 2992 939 3031 auribus
960 2991 1136 3043 Madvig
