2150 3444
738 149 834 197 DE
870 147 1211 198 ORATORE
1285 151 1338 198 ΙΙ
1891 163 1962 212 29
1986 159 2063 201 128

202 283 359 336 totius
398 285 599 336 rationis
635 286 686 336 in
721 287 940 337 dicendo
973 296 1023 337 et
1057 286 1196 336 istius
1234 286 1387 350 ipsius
1424 289 1681 349 facultatiS,
1720 307 1869 354 quam

201 367 356 417 modo
381 367 587 418 Crassus
611 367 662 418 in
687 370 880 418 caelum
904 367 1065 418 verbis
1089 367 1274 428 extulit,
1301 377 1398 418 tres
1424 378 1539 418 sunt
1563 387 1651 429 res,
1680 380 1733 419 ut
1757 380 1872 421 ante

198 446 331 499 dixi:
378 465 480 498 una
524 449 951 499 conciliandorum
997 448 1273 509 hominurn,
1314 451 1466 499 altera
1512 451 1868 512 docendorum,

198 527 340 580 tertia
376 529 800 581 concitandorum.
874 533 1070 581 Harum
1117 530 1264 580 trium
1307 531 1519 595 partium
1557 531 1716 596 prima
1756 533 1872 583 leni·
1898 551 1975 594 1²9

148 619 351 667 statem
375 611 624 673 orationis,
651 614 871 662 secunda
898 629 1124 672 acumen,
1152 612 1294 662 tertia
1316 612 1416 661 vim
1442 613 1690 663 desiderat
1705 632 1719 676 3
1756 631 1870 663 nam

198 693 297 743 hoc
326 709 530 743 necesse
561 702 649 754 est,
680 702 735 743 ut
767 693 820 754 is,
856 694 942 758 qui
977 693 1123 743 nobis
1159 711 1360 744 causam
1395 693 1764 745 adiudicaturus
1794 696 1869 756 sit,

194 780 283 824 aut
305 773 625 824 inclinatione
643 774 910 824 voluntatis
934 777 1242 840 propendeat
1267 775 1318 824 in
1343 793 1435 826 nos
1460 785 1545 826 aut
1570 776 1870 827 defensionis

194 854 495 920 argumentis
521 857 798 906 adducatur
828 865 913 905 aut
948 856 1101 905 animi
1136 856 1447 921 permotione
1483 867 1696 921 cogatur.
1771 860 1870 908 Sed

0 948 26 998 ,,“
193 936 432 1002 quoniam
478 936 562 987 illa
614 955 738 1002 pars,
788 937 839 986 in
888 955 987 1002 qua
1033 956 1194 988 rerum
1241 938 1458 1003 ipsarum
1506 939 1765 1004 explicatio
1811 957 1870 989 ac

0 1035 33 1073 tf,
124 1031 174 1067 ιο
193 1017 419 1069 defensio
465 1018 627 1084 posita
672 1028 759 1080 est,
809 1019 1003 1069 videtur
1048 1037 1251 1070 omnem
1299 1020 1445 1069 huius
1491 1020 1681 1085 generis
1729 1020 1870 1085 quasi

193 1099 471 1150 doctrinam
518 1101 785 1162 continere,
830 1103 895 1152 de
942 1119 1000 1151 ea
1045 1101 1260 1167 primum
1307 1104 1570 1166 loquemur
1615 1112 1664 1152 et
1710 1120 1868 1167 pauca

192 1180 418 1232 dicemus
441 1201 453 1232 τ
487 1200 646 1248 pauca
670 1183 804 1234 enirn
830 1193 958 1244 sunt,
987 1201 1114 1248 quae
1147 1202 1239 1233 usu
1273 1183 1372 1233 iam
1397 1193 1602 1234 tractata
1626 1194 1674 1234 et
1698 1184 1867 1234 animo

0 1271 12 1313 l
192 1261 334 1327 quasi
368 1272 538 1314 notata
566 1265 749 1315 habere
778 1265 1045 1315 videamur.
1119 1269 1196 1315 Ac
1230 1265 1320 1315 tibi
1349 1265 1595 1330 sapienter
1627 1265 1863 1326 monenti,
1890 1245 1959 1293 3⁰

0 1343 13 1403 ἱ
193 1345 384 1405 Crasse,
411 1345 622 1396 libenter
644 1345 992 1408 adsentiemur,
1014 1355 1067 1396 ut
1093 1346 1392 1411 singularum
1418 1364 1675 1397 causarum
1701 1349 1868 1398 defen·
1893 1320 1970 1361 ¹30

0 1411 11 1460 ἶ
120 1443 171 1488 15
192 1423 357 1476 siones
409 1443 532 1491 quas
579 1428 740 1478 solent
787 1427 1002 1492 magistri
1050 1428 1213 1493 pueris
1261 1430 1465 1490 tradere,
1516 1429 1863 1493 relinquamuS,

0 1494 13 1576 ζ’
186 1507 467 1572 aperiamus
513 1519 679 1560 autem
732 1509 894 1574 capita
945 1527 1015 1571 ea,
1066 1511 1200 1560 unde
1247 1510 1409 1560 omnis
1455 1512 1521 1560 ad
1568 1527 1770 1561 omnem
1817 1519 1867 1560 et

190 1606 392 1640 causam
421 1600 471 1641 et
502 1592 777 1643 orationem
807 1591 1076 1656 disputatio
1101 1592 1308 1642 ducitur.
1383 1595 1563 1657 Neque
1588 1593 1719 1643 enim
1742 1582 1866 1657 ¹quo-

191 1673 318 1724 tiens
358 1675 565 1725 verbum
606 1673 810 1738 aliquod
851 1684 924 1724 est
971 1674 1289 1725 scribendum
1331 1674 1490 1736 nobiS,
1531 1675 1711 1725 totiens
1759 1675 1864 1726 eius

189 1755 327 1806 verbi
357 1756 546 1807 litterae
581 1765 696 1806 sunt
732 1756 1030 1821 cogitatione
1066 1756 1469 1820 conquirendae3
1515 1773 1609 1806 nec
1634 1756 1863 1820 quotiens

116 1854 168 1887 πο
189 1855 339 1889 causa
361 1839 575 1890 dicenda
599 1848 689 1901 est,
712 1839 893 1889 totiens
917 1839 983 1887 ad
1006 1836 1110 1887 eius
1135 1854 1313 1887 causae
1338 1837 1553 1902 seposita
1575 1848 1866 1902 argumenta

188 1921 371 1972 revolvi
402 1938 494 1972 nos
519 1931 727 1987 oportet,
755 1923 843 1971 sed
876 1921 1058 1970 habere
1090 1928 1250 1969 certos
1285 1921 1436 1980 IOCOS,
1465 1919 1564 1984 qui,
1591 1929 1647 1974 ut
1674 1919 1863 1970 litterae

186 2004 253 2054 ad
292 2004 499 2055 verbum
546 2004 878 2064 scribendum,
923 2002 994 2051 sic
1039 2000 1110 2050 illi
1155 2002 1221 2051 ad
1267 2018 1468 2051 causam
1515 2001 1859 2066 explicandam

186 2085 351 2136 statim
387 2095 658 2137 occurrant.
733 2086 832 2136 Sed
868 2084 919 2134 hi
955 2083 1052 2134 loci
1088 2083 1134 2134 ei
1169 2085 1374 2133 demum
1411 2083 1590 2134 oratori
1625 2086 1861 2148 prodesse
1886 2095 1961 2138 131

186 2177 408 2233 possunt,
448 2169 534 2234 qui
581 2178 655 2220 est
701 2177 919 2219 versatus
966 2165 1018 2216 in
1064 2183 1226 2216 rerum
1265 2168 1342 2215 vel
1390 2183 1496 2226 usu,
1537 2183 1688 2230 quem
1725 2176 1860 2217 aetas

114 2260 163 2303 25
185 2250 404 2316 denique
426 2253 628 2313 adferet,
653 2253 732 2301 vel
764 2250 1018 2301 auditione
1048 2259 1097 2299 et
1129 2248 1441 2313 cogitatione,
1469 2266 1596 2312 quae
1621 2249 1786 2299 studio
1811 2259 1861 2300 et

186 2328 440 2396 diligentia
474 2333 804 2398 praecucurrit
838 2342 1065 2383 aetatem.
1140 2333 1273 2381 Nam
1310 2330 1351 2379 si
1386 2340 1439 2379 tu
1477 2330 1599 2379 mihi
1634 2331 1859 2395 quamvis

185 2413 435 2464 eruditum
466 2415 722 2465 hominem
754 2414 1029 2475 adduxeriS,
1058 2413 1283 2478 quamvis
1311 2429 1475 2462 acrem
1509 2422 1558 2462 et
1582 2422 1783 2462 acutum
1807 2414 1860 2464 in

185 2495 465 2560 cogitando,
506 2497 731 2561 quamvis
771 2498 837 2547 ad
882 2495 1306 2561 pronuntiandum
1345 2494 1644 2559 expeditum,
1687 2495 1728 2545 si
1769 2495 1860 2546 erit

186 2576 320 2627 idem
356 2577 409 2627 in
443 2578 804 2629 consuetudine
832 2577 1054 2639 civitatis,
1081 2577 1133 2626 in
1165 2577 1416 2642 exempliS,
1448 2575 1499 2626 in
1532 2576 1777 2639 institutis,
1806 2578 1859 2628 in

41 2666 44 2670 '
110 2674 166 2717 30
188 2659 408 2710 moribus
431 2677 491 2710 ac
508 2659 844 2711 voluntatibus
869 2659 1050 2710 civium
1076 2676 1278 2710 suorum
1303 2661 1498 2725 hospeS‚
1517 2677 1620 2710 non
1645 2662 1857 2711 multum

241 2789 295 2829 M
312 2808 347 2822 ν-
368 2789 506 2830 ΑΕΗ
613 2804 631 2830 1
665 2790 840 2830 rationis
859 2789 932 2830 M.
963 2789 1171 2830 orationis
1184 2790 1327 2842 vulg.:
1360 2789 1666 2832 moderationis
1685 2789 1861 2845 Madvig

184 2843 298 2886 Adv.
322 2845 382 2887 iii.
402 2859 459 2897 90
574 2860 599 2885 2
629 2858 698 2886 res
718 2844 941 2885 Frt'edmch:
973 2845 1161 2886 rationes
1183 2845 1294 2885 codd.
1406 2845 1432 2884 8
1462 2851 1535 2885 aut
1554 2846 1692 2900 vulg.-
1733 2847 1786 2888 ab
1808 2847 1859 2887 Μ

147 2931 150 2934 .
184 2911 214 2952 9
240 2899 285 2939 in
303 2913 387 2951 qua
398 2900 538 2952 vulg.-
530 2931 538 2940 .
558 2913 643 2951 qua
658 2899 714 2939 M
822 2912 872 2939 12
901 2912 979 2939 usu
1001 2900 1083 2939 iam
1096 2899 1243 2951 vulga·
1234 2931 1243 2939 .
1263 2899 1349 2939 vis.
1398 2900 1536 2940 ‚viam
1549 2899 1603 2939 M
1708 2908 1781 2943 et.

185 2959 331 2995 notata
349 2967 430 2995 om.
456 2954 510 2994 M
647 2967 697 3004 13
725 2960 928 2995 monente
950 2954 997 2995 L.
1023 2954 1179 2995 Crasso
1202 2953 1256 2992 M
1406 2967 1458 2994 22
1487 2956 1786 3007 explicandum
1806 2933 1858 2997 M

183 3021 236 3059 24
258 3021 399 3050 rerum
412 3009 466 3049 M
479 3022 489 3049 ι
519 3010 646 3051 rebus
659 3008 697 3048 L
710 3009 821 3063 vulg.
920 3021 972 3060 25
992 3009 1130 3049 adfert
1142 3008 1201 3048 10²
1215 3008 1326 3063 vulg.
1442 3011 1497 3050 26
1516 3012 1752 3062 praecurrit
1770 3010 1854 3052 mL
