2150 3444
97 143 159 192 27
189 141 264 188 ηε
741 131 810 177 Μ.
849 129 1060 176 TVLLI
1097 128 1479 177 CICERONIS

285 267 353 316 ad
375 274 618 316 oratorem
651 267 945 324 deferuntur,
974 264 1266 313 meditatum
1298 263 1442 313 nobis
1473 264 1525 313 in
1557 274 1848 329 perpetuum
1871 266 1937 314 ad

286 363 488 395 omnem
524 363 668 396 usum
706 345 937 394 similium
981 362 1141 394 rerum
1179 361 1286 393 esse
1323 344 1527 394 debebit
1545 363 1560 406 3
1608 339 1724 394 nam
1764 354 1814 394 et
1847 362 1938 410 pro

286 426 465 475 tabulis
497 436 546 476 et
577 435 747 475 contra
782 426 972 475 tabulas
1008 434 1057 474 et
1087 442 1177 490 pro
1212 424 1417 474 testibus
1451 434 1500 474 et
1531 433 1703 474 contra
1729 425 1864 475 testis
1888 434 1938 475 et
2011 485 2014 487 .

286 524 377 571 pro
413 506 782 571 quaestionibus
814 515 863 555 et
895 515 1065 555 contra
1099 505 1410 569 quaestiones
1443 514 1492 555 et
1522 504 1641 554 item
1673 507 1737 556 de
1765 505 1938 555 ceteris

286 588 434 637 rebus
475 588 696 637 eiusdem
742 587 932 651 generis
973 589 1050 636 vel
1097 586 1356 650 separatim
1403 585 1567 635 dicere
1613 588 1828 636 solemus
1873 588 1939 637 de
1961 605 1984 646 5

287 685 466 732 genere
489 667 717 718 universo
739 669 816 717 vel
836 667 1043 717 ‘definite
1067 668 1130 716 de
1155 666 1355 729 singulis
1388 666 1706 730 temporibus,
1731 666 1942 717 homini-

287 750 395 810 bus,
415 750 573 799 causis
590 767 605 811 3
639 766 764 814 quos
783 749 985 813 quidem
1004 748 1349 798 locos—'vobis
1368 749 1477 809 hoc,
1498 750 1646 799 Cotta
1669 757 1718 798 et
1737 747 1936 813 Sulpici,

199 884 203 885 ⁷
288 831 627 881 dico—multa
643 830 1060 880 commentatione
1078 839 1226 894 atque
1243 829 1561 879 meditatione
1579 839 1773 894 paratos
1790 839 1940 894 atque

185 929 264 973 119
290 912 545 976 expeditos
581 913 761 961 habere
794 910 998 961 debetis.
1071 913 1300 974 Longum
1329 920 1403 960 est
1431 910 1564 960 enim
1592 928 1726 961 nunc
1753 927 1835 961 me
1863 928 1940 961 ex·

288 992 484 1057 plicare,
496 1010 595 1057 qua
608 993 795 1041 ratione
810 1001 895 1040 aut
910 993 1200 1041 confirmare
1209 1000 1294 1039 aut
1308 991 1552 1040 infirmare
1568 992 1718 1054 testis,
1729 993 1935 1053 tabulas,
1963 1010 2013 1040 10

287 1073 600 1136 quaestiones
619 1081 855 1136 oporteat.
915 1074 1059 1120 Haec
1074 1080 1189 1120 sunt
1205 1071 1371 1121 omnia
1386 1072 1550 1136 ingeni
1564 1074 1641 1121 vel
1659 1072 1935 1134 mediocris,

287 1152 646 1202 exercitationis
676 1161 843 1202 autem
877 1151 1118 1201 maximae
1138 1170 1152 1213 3
1197 1161 1351 1201 artem
1381 1151 1584 1216 quidem
1607 1161 1656 1202 et
1678 1162 1939 1217 praecepta

287 1235 544 1283 dumtaxat
589 1235 828 1283 hactenus
864 1232 1130 1296 requirunt,
1169 1241 1223 1281 ut
1258 1231 1400 1281 certis
1436 1232 1636 1282 dicendi
1670 1231 1939 1284 luminibus

189 1335 265 1364 120
289 1323 535 1364 ornentur.
610 1316 838 1378 Itemque
883 1313 982 1374 illa,
1017 1330 1144 1376 quae
1186 1321 1300 1361 sunt
1339 1312 1536 1362 alterius
1570 1312 1776 1377 generiS,
1811 1331 1939 1378 quae

288 1403 392 1443 tota
414 1396 478 1444 ab
508 1403 698 1444 oratore
729 1394 998 1462 pariuntur,
1022 1393 1433 1456 excogitationem
1464 1410 1567 1443 non
1602 1394 1786 1444 habent
1818 1394 1938 1445 diffi-
1961 1407 2010 1450 15

287 1475 449 1537 cilem,
485 1475 859 1540 explicationem
901 1474 1054 1537 magis
1093 1474 1347 1522 inlustrem
1385 1473 1775 1538 perpolitamque
1815 1474 1940 1526 desi-

287 1558 493 1617 derant3
551 1556 718 1620 itaque
764 1572 878 1604 cum
926 1557 1049 1603 haec
1095 1556 1197 1604 duo
1244 1553 1389 1603 nobis
1431 1556 1712 1618 quaerenda
1749 1555 1846 1605 sint
1885 1555 1938 1606 in

287 1638 459 1698 causis,
487 1637 701 1701 primum
733 1636 870 1700 quid,
902 1635 1084 1685 deinde
1121 1652 1221 1699 quo
1257 1637 1410 1684 modo
1446 1635 1686 1698 dicamus,
1713 1638 1935 1697 alterum,

287 1722 423 1784 quod
461 1729 621 1769 totum
661 1729 763 1769 arte
803 1719 1011 1767 tinctum
1047 1718 1251 1779 videtur,
1292 1716 1487 1767 tametsi
1527 1726 1681 1766 artem
1723 1716 1936 1781 requirit,

287 1811 452 1850 tamen
489 1800 778 1865 prudentiae
813 1810 886 1849 est
921 1817 1079 1863 paene
1115 1798 1375 1848 mediocris
1414 1797 1535 1862 quid
1572 1798 1840 1848 dicendum
1877 1797 1939 1848 sit
1964 1814 2014 1843 20

288 1882 454 1931 videre
474 1900 487 1943 3
522 1884 726 1930 alterum
753 1890 838 1940 est,
866 1881 916 1928 in
941 1897 1041 1943 quo
1071 1879 1272 1929 oratoris
1297 1879 1368 1927 vis
1393 1879 1475 1928 illa
1499 1878 1665 1928 divina
1687 1878 1938 1943 virtusque

288 1962 517 2022 cernitur,
551 1979 625 2023 ea,
663 1978 789 2025 quae
830 1961 1042 2010 dicenda
1083 1970 1209 2020 sunt,
1251 1969 1436 2020 ornate,
1472 1959 1672 2023 copiose
1708 1959 1937 2024 varieque

188 2009 265 2125 ἐξ
289 2042 464 2092 dicere.
539 2044 653 2104 Qua
687 2059 738 2091 re
773 2041 905 2090 illam
941 2050 1128 2105 partem
1165 2040 1481 2104 superiorem,
1513 2039 1749 2104 quoniam
1785 2043 1936 2090 semel

288 2123 355 2172 ita
378 2123 517 2173 vobis
542 2122 743 2186 placuit,
766 2139 867 2171 non
900 2122 1137 2171 recusabo
1170 2138 1270 2184 quo
1306 2121 1469 2170 minus
1493 2120 1763 2184 perpoliam
1786 2130 1935 2185 atque

288 2204 858 2267 conficiam—quantum
894 2218 1182 2266 consequar,
1206 2219 1293 2250 vos
1325 2201 1852 2266 iudicabitis—quibus
1876 2220 1935 2252 ex
1960 2221 2007 2261 25

287 2284 407 2334 locis
431 2286 494 2334 ad
520 2301 601 2333 eas
626 2283 710 2333 tris
742 2300 834 2345 res,
859 2300 985 2346 quae
1017 2284 1082 2331 ad
1114 2284 1264 2331 fidem
1287 2275 1575 2332 'faciendam
1601 2285 1734 2332 solae
1757 2285 1933 2344 valent,
2080 2274 2084 2278 ⁴

287 2367 493 2415 ducatur
531 2364 699 2426 oratio,
740 2374 794 2414 ut
841 2373 889 2413 et
931 2363 1254 2413 concilientur
1299 2363 1452 2412 animi
1493 2372 1541 2412 et
1582 2364 1852 2413 doceantur
1888 2373 1938 2414 et

286 2456 574 2496 moveantur
590 2465 603 2507 3
664 2444 807 2512 [haec
855 2453 969 2494 sunt
1016 2443 1148 2493 enim
1197 2442 1323 2510 tria]
1409 2446 1483 2492 Ea
1523 2461 1637 2493 vero
1684 2461 1833 2508 quem
1873 2446 1938 2495 ad

286 2530 492 2578 modum
528 2527 860 2586 inlustremur,
893 2534 1087 2589 praesto
1124 2534 1209 2585 est,
1246 2523 1331 2588 qui
1360 2524 1520 2574 omnis
1553 2526 1732 2575 docere
1767 2525 1939 2589 possit,

346 2659 398 2696 M
416 2677 450 2691 =
473 2657 608 2696 AEH
739 2670 764 2706 3
794 2656 955 2696 tabulas
976 2669 1054 2706 pro
1075 2655 1128 2695 M
1208 2655 1331 2696 testis
1354 2669 1430 2706 pro
1447 2655 1500 2694 M
1605 2656 1632 2693 8
1659 2661 1786 2705 atque
1806 2656 1937 2695 medi-

291 2713 451 2751 tatione
489 2726 570 2752 om.
614 2711 667 2750 M
931 2724 981 2750 10
1010 2711 1171 2750 ratione
1210 2723 1299 2749 recc.
1343 2723 1425 2749 non
1456 2709 1581 2749 nulli:
1621 2710 1813 2749 oratione
1841 2710 1937 2748 Mm

291 2768 415 2806 testis
434 2779 513 2805 om.
539 2766 592 2804 M
715 2778 764 2815 13
794 2765 922 2804 certis
943 2763 1028 2803 edd.
1047 2779 1055 2804 :
1088 2764 1240 2803 ceteris
1261 2763 1371 2803 codd.
1487 2776 1538 2812 27
1569 2763 1692 2802 ducat
1714 2763 1766 2801 M
1881 2765 1936 2803 28

290 2822 394 2859 haec
414 2827 515 2859 sunt
534 2820 646 2858 enim
659 2819 740 2858 tria
758 2819 918 2858 seclusit
933 2818 1114 2868 Kayser:
1146 2818 1243 2856 trita
1263 2817 1456 2857 Muther:
1483 2819 1561 2856 tria
1580 2830 1757 2857 numero
1773 2829 1937 2857 cavero

287 2876 396 2924 vulg.
416 2889 424 2913 ε
454 2873 532 2912 tria
550 2886 653 2912 vero
675 2873 748 2912 M:
781 2872 861 2912 tria
886 2885 965 2912 nec
985 2885 1088 2911 vero
1115 2885 1181 2911 m:
1214 2872 1293 2911 tria
1319 2872 1424 2912 haec
1443 2884 1546 2911 vero
1567 2871 1646 2923 Lg.
1668 2872 1723 2922 36
1746 2870 1858 2923 quod
1871 2870 1936 2910 de-

272 2927 411 2978 fendit
426 2927 588 2966 Ellendt
