2150 3444
765 149 859 197 DE
897 147 1237 198 ORATORE
1309 149 1364 195 II
1921 148 1987 214 ’18
2009 164 2085 212 315

233 287 392 356 prima
422 295 497 338 est
529 286 663 337 enim
696 287 836 351 quasi
866 285 1083 351 cognitio
1107 293 1157 335 et
1180 285 1552 335 commendatio
1577 287 1810 337 orationis
1847 288 1898 337 in

232 369 491 436 principiO,
536 385 765 433 quaeque
811 368 1051 419 continuo
1097 384 1226 427 eum,
1271 366 1357 431 qui
1404 366 1555 428 audit,
1595 370 1899 430 permulcere

230 460 384 516 atque
417 450 614 502 allicere
648 451 833 511 debet;
868 450 920 499 in
955 465 1056 514 quo
1093 447 1324 498 admirari
1363 449 1500 498 soleo
1529 464 1632 497 non
1665 449 1898 512 equidem
1922 446 2003 499 3¹⁶

233 531 368 592 istos,
396 530 482 596 qui
516 533 705 580 nullam
733 530 850 580 huic
878 529 947 580 rei
982 545 1184 593 operam
1220 529 1477 588 dederunt,
1518 531 1606 579 sed
1643 530 1899 582 hominem

184 631 210 676 5
231 612 285 662 in
308 612 478 677 primis
502 612 740 662 disertum
769 620 919 675 atque
948 610 1208 670 eruditum,
1239 609 1537 674 Philippum,
1566 610 1652 674 qui
1683 610 1752 660 ita
1776 614 1901 662 solet

230 710 429 759 surgere
463 695 528 744 ad
564 693 848 758 dicendum,
887 700 942 741 ut
978 692 1115 755 quod
1147 690 1363 755 primum
1399 692 1607 741 verbum
1643 693 1899 743 habiturus

228 773 308 835 sit,
357 773 546 824 nesciat
562 792 576 835 ς
634 782 683 823 et
730 772 799 822 ait
844 772 994 833 idem,
1038 788 1155 822 cum
1202 772 1488 822 bracchium
1538 774 1895 836 concalfecerit‚

230 863 339 906 tum
362 871 416 904 se
439 856 598 904 solere
631 870 850 919 pugnare
870 872 884 915 3
920 869 1084 918 neque
1116 853 1328 904 attendit
1357 871 1442 904 eos
1467 853 1616 919 ipSOS,
1644 857 1779 905 unde
1803 857 1900 905 hoc

229 935 392 986 simile
437 937 602 998 ducat,
645 935 828 1000 primas
865 934 971 984 illas
1007 937 1173 985 hastas
1209 935 1277 985 ita
1312 935 1492 985 iactare
1528 936 1715 997 leniter,
1761 945 1815 986 ut
1851 945 1900 986 et

158 1033 211 1068 ιο
230 1017 477 1069 venustati
508 1020 586 1074 vel
619 1017 831 1068 maxime
863 1017 1075 1067 serviant
1110 1027 1159 1068 et
1195 1017 1394 1082 reliquis
1430 1018 1613 1068 viribus
1650 1019 1749 1069 suis
1786 1035 1901 1068 con-

230 1101 408 1155 sulant.
482 1101 592 1150 Nec
616 1108 691 1150 est
714 1099 937 1159 dubium,
967 1098 1088 1163 quin
1121 1099 1378 1149 exordium
1404 1099 1603 1149 dicendi
1630 1101 1899 1150 vehemens
1925 1116 2002 1162 317

231 1191 282 1232 et
304 1198 503 1247 pugnax
526 1199 630 1232 non
654 1198 802 1246 saepe
828 1197 935 1231 esse
960 1181 1142 1231 debeat
1159 1199 1173 1242 3
1210 1182 1298 1231 sed
1323 1180 1364 1230 si
1388 1180 1439 1230 in
1465 1181 1574 1245 ipso
1603 1181 1688 1230 illo
1720 1181 1900 1246 gladia-

229 1262 359 1314 torio
408 1263 538 1314 vitae
585 1263 866 1324 certamine,
894 1278 1018 1326 'quo
1065 1264 1192 1312 ferro
1238 1262 1532 1324 decernitur,
1582 1272 1749 1313 tamen
1784 1272 1901 1317 ante

229 1361 552 1411 congressum
604 1347 760 1395 multa
817 1346 960 1406 fiunt,
1006 1361 1135 1409 quae
1183 1362 1287 1395 non
1335 1347 1400 1395 ad
1455 1346 1647 1406 vulnus,
1699 1347 1789 1395 sed
1833 1347 1899 1396 ad

158 1442 208 1485 15
233 1426 452 1491 speciem
498 1428 660 1477 valere
706 1426 979 1488 videantur,
1024 1435 1212 1490 quanto
1259 1428 1357 1476 hoc
1400 1426 1554 1491 magis
1590 1426 1642 1475 in
1677 1426 1900 1477 oratione

229 1516 307 1558 est
347 1509 690 1574 spectandum,
734 1507 785 1557 in
832 1524 931 1572 qua
976 1524 1079 1557 non
1118 1507 1190 1558 vis
1231 1507 1396 1572 potius
1438 1525 1589 1572 quam
1636 1508 1901 1558 delectatio

228 1591 535 1656 postulatur!
622 1589 762 1640 Nihil
800 1599 874 1640 est
906 1590 1124 1655 denique
1165 1591 1217 1640 in
1253 1600 1427 1641 natura
1458 1608 1619 1641 rerum
1656 1592 1896 1653 omnium,

231 1673 370 1737 quod
428 1688 482 1722 se
535 1670 819 1723 universum
872 1674 1139 1736 profundat
1191 1682 1241 1723 et
1293 1674 1431 1737 quod
1483 1681 1644 1723 totum
1696 1682 1900 1738 repente

230 1755 424 1806 evolvat
439 1771 455 1815 3
490 1752 561 1803 sic
597 1753 778 1814 omnia,
818 1769 946 1817 quae
976 1755 1102 1804 fiunt
1137 1770 1366 1818 quaeque
1400 1762 1612 1819 aguntur
1646 1755 1895 1817 acerrime,

156 1849 210 1880 20
229 1834 498 1886 lenioribus
522 1833 774 1900 principiis
799 1843 972 1884 natura
995 1834 1102 1900 ipsa
1125 1834 1410 1899 praetexuit.
1486 1837 1630 1885 Haec
1653 1845 1821 1886 autem
1845 1836 1897 1885 in
1922 1841 2000 1893 318

229 1916 447 1967 dicendo
481 1931 586 1965 non
621 1915 922 1965 extrinsecus
957 1915 1189 1967 alicunde
1225 1917 1521 1981 quaerenda,
1560 1918 1650 1967 sed
1685 1934 1745 1967 ex
1779 1917 1899 1982 ipsis

228 1996 497 2048 visceribus
535 2013 713 2047 causae
754 1998 998 2047 sumenda
1045 2006 1191 2060 sunt;
1242 1997 1429 2048 idcirco
1466 2006 1571 2048 tota
1610 2015 1760 2048 causa
1796 2015 1900 2063 per-

227 2087 468 2145 temptata
515 2088 667 2144 atque
717 2089 987 2144 perspecta,
1039 2079 1162 2129 locis
1209 2078 1444 2130 omnibus
1490 2079 1702 2130 inventis
1748 2089 1900 2145 atque

227 2161 476 2212 instructis
525 2161 946 2213 considerandum
995 2170 1070 2211 est
1117 2177 1218 2224 quo
1260 2160 1504 2225 principio
1540 2161 1601 2211 sit
1637 2164 1893 2212 utendum.

156 2258 205 2301 25
228 2244 310 2295 Sic
358 2253 408 2295 et
453 2244 597 2295 facile
642 2244 979 2310 reperientur3
1037 2253 1294 2294 sumentur
1340 2244 1473 2294 enim
1521 2262 1581 2295 ex
1626 2245 1696 2295 eis
1732 2246 1894 2307 rebus,
1920 2259 2000 2303 319

226 2341 356 2390 quae
384 2335 528 2377 erunt
551 2326 828 2377 uberrimae
851 2328 930 2376 vel
965 2326 1017 2375 in
1052 2326 1352 2391 argumentis
1378 2329 1455 2376 vel
1488 2326 1539 2375 in
1565 2326 1634 2377 eis
1658 2326 1894 2391 partibuS,

225 2408 292 2457 ad
337 2423 461 2472 quas
507 2407 608 2458 dixi
654 2407 845 2472 digredi
897 2423 1046 2471 saepe
1092 2415 1353 2471 oportere3
1414 2405 1522 2474 [ita]
1566 2416 1615 2457 et
1656 2407 1898 2458 momenti

225 2488 414 2554 aliquid
459 2490 697 2550 adferent,
741 2506 857 2538 cum
894 2497 1037 2538 erunt
1085 2505 1245 2552 paene
1286 2505 1346 2538 ex
1386 2488 1561 2540 intima
1606 2490 1898 2541 defensione

278 2615 334 2659 M
350 2636 386 2650 =
406 2615 548 2657 AEH
708 2629 734 2656 2
762 2628 956 2667 quaeque
976 2613 1030 2654 M
1043 2630 1054 2656 :
1082 2627 1191 2666 quae
1211 2613 1249 2653 L
1361 2627 1388 2665 3
1419 2628 1503 2666 quo
1522 2628 1542 2655 e
1560 2628 1612 2667 32
1632 2630 1643 2656 ε
1677 2629 1760 2666 qua
1780 2616 1891 2658 codd.

227 2685 250 2723 7
280 2672 486 2712 bacchum
516 2670 571 2710 M
686 2670 1012 2711 concalesecerit
1041 2669 1125 2708 mL
1291 2682 1320 2719 9
1349 2671 1461 2710 dicat
1488 2669 1582 2719 Me,
1667 2671 1820 2711 leviter
1846 2670 1899 2712 M

230 2739 280 2766 10
306 2725 376 2766 vel
395 2724 536 2766 cadat:
567 2737 693 2776 quam
708 2724 773 2764 H¹
917 2737 968 2774 13
996 2725 1109 2775 quod
1133 2725 1246 2764 ferro
1270 2723 1308 2762 L
1439 2726 1490 2764 16
1519 2731 1585 2765 est
1614 2727 1894 2777 spectandum

230 2779 512 2832 Wyttenbach:
544 2780 861 2832 expectandum
878 2777 954 2818 M:
987 2779 1324 2832 exspectandum
1345 2784 1410 2819 est
1430 2778 1468 2817 L
1623 2793 1751 2831 quem
1771 2778 1892 2820 Mm:

223 2836 302 2875 sed
323 2833 361 2872 L
477 2835 526 2874 18
549 2847 597 2875 se
617 2839 793 2886 repente
814 2833 965 2873 maluit
981 2833 1181 2874 Fn'edrich
1298 2846 1348 2884 19
1372 2834 1538 2874 evolvat
1558 2833 1633 2874 M:
1664 2835 1807 2875 volvat
1823 2848 1892 2876 m:

223 2889 365 2929 evolat
383 2901 425 2930 e:
462 2888 605 2929 evolet
624 2887 663 2927 L
683 2888 795 2940 vulg.
938 2900 994 2927 20
1022 2887 1240 2939 protexuit
1259 2887 1312 2928 H
1322 2902 1331 2929 ε
1365 2889 1585 2928 contexuit
1605 2888 1648 2928 R
1667 2904 1676 2930 :
1705 2889 1893 2930 retexuit

223 2943 349 2984 Pn‘sc.
374 2943 402 2983 i.
423 2954 505 2994 507
672 2955 725 2995 23
754 2943 947 2994 inspecta
966 2941 1019 2981 H
1180 2943 1234 2982 26
1261 2942 1378 2983 velut
1399 2943 1442 2981 in
1462 2941 1518 2982 M

1708 3012 1781 3051 11*
