2150 3444
805 115 900 164 DE
936 115 1279 165 ORATORE
1311 171 1313 173 ,
1350 115 1434 164 ΙΙΙ

290 252 430 304 muni
462 261 629 304 mente
665 253 805 319 quasi
840 252 1133 319 impressum
1170 253 1243 314 sit,
1272 261 1327 303 ut
1362 252 1403 302 si
1436 252 1714 314 disseratur,
1742 253 1858 303 idne
1895 254 1957 303 sit

289 334 382 398 ius,
406 337 545 400 quod
577 335 819 386 maximae
851 335 975 400 parti
1008 335 1069 385 sit
1101 335 1254 396 utile,
1287 343 1385 394 aut,
1414 351 1529 383 cum
1562 334 1684 398 quid
1716 334 1956 399 cuiusque

289 415 352 466 sit
390 416 644 483 proprium
691 417 970 483 exquiritur,
1014 427 1072 468 ut
1115 426 1286 467 ornate
1326 416 1490 466 dicere
1537 415 1855 483 propriumne
1897 417 1959 466 sit

289 498 494 552 oratoris
539 516 605 549 an
650 498 704 550 id
744 499 894 551 etiam
933 499 1110 564 aliquis
1152 507 1402 564 praeterea
1442 499 1603 548 facere
1645 498 1813 562 possit,
1856 508 1956 559 aut,

240 594 267 639 5
289 596 408 631 cum
445 597 522 631 res
563 580 868 631 distribuitur
908 580 959 630 in
1001 580 1162 645 partis,
1205 590 1260 630 ut
1299 580 1341 629 si
1382 588 1656 644 quaeratur,
1698 589 1820 644 quot
1861 580 1959 629 sint

288 679 468 727 genera
498 679 661 713 rerum
693 663 1095 729 expetendarum,
1127 670 1182 711 ut
1214 661 1377 711 sintne
1409 660 1513 722 tria,
1541 660 1774 726 corporiS,
1805 661 1958 710 animi

287 751 698 807 externarumque
755 759 931 802 rerum,
981 751 1079 803 aut,
1127 759 1258 804 cum,
1309 758 1437 806 quae
1495 743 1654 791 forma
1711 751 1760 792 et
1818 742 1959 806 quasi

288 824 520 874 naturalis
566 833 688 874 nota.
732 824 971 889 cuiusque
1024 823 1098 885 sit,
1149 823 1455 884 describitur,
1505 834 1559 873 ut
1606 824 1646 873 si
1698 833 1959 888 quaeratur

287 903 420 955 avari
450 904 652 969 specieS,
689 904 923 966 seditiosi,
955 904 1167 970 gloriosi.
1240 904 1622 956 Consecutionis
1653 914 1822 955 autem
1855 906 1958 954 duo

215 1000 269 1032 10
288 985 448 1051 prima
491 985 842 1054 quaestionum
888 1003 1068 1051 genera
1113 995 1367 1050 ponuntur
1383 1006 1396 1048 3
1454 1004 1572 1037 nam
1618 996 1704 1036 aut
1752 987 1959 1051 simplex

288 1076 364 1118 est
409 1066 716 1132 disceptati0‚
767 1076 822 1117 ut
869 1068 909 1117 si
956 1067 1234 1129 disseratur,
1287 1070 1629 1132 expetendane
1682 1068 1743 1117 sit
1788 1067 1955 1133 gloria,

286 1157 374 1198 aut
402 1165 463 1201 ex
501 1148 887 1214 comparatione,
936 1151 1043 1201 laus
1088 1166 1155 1200 an
1205 1148 1406 1199 divitiae
1455 1149 1610 1214 magis
1652 1151 1959 1214 expetendae

287 1229 386 1280 sint
401 1247 418 1291 ,·
467 1229 767 1296 simplicium
812 1240 981 1282 autern
1021 1240 1138 1281 sunt
1185 1240 1282 1282 tres
1330 1231 1499 1282 modi:
1558 1233 1623 1283 de
1670 1230 1959 1296 expetendis

287 1310 596 1376 fugiendisve
658 1313 819 1372 rebuS,
883 1321 939 1363 ut
1002 1312 1332 1377 expetendine
1390 1314 1605 1363 honores
1664 1313 1774 1374 sint,
1835 1329 1958 1364 num

215 1407 264 1449 ¹5
287 1391 523 1456 fugienda
560 1403 825 1458 paupertas
840 1411 856 1456 3
907 1395 973 1445 de
1012 1410 1176 1459 aequo
1216 1403 1302 1444 aut
1344 1393 1531 1459 iniqu0,
1580 1401 1638 1443 ut
1674 1411 1959 1458 aequumne

287 1475 350 1525 sit
396 1474 570 1525 ulcisci
607 1475 810 1526 iniurias
850 1475 1000 1527 etiam
1038 1476 1462 1541 propinquorum,
1515 1478 1580 1527 de
1619 1478 1832 1526 honesto
1872 1484 1959 1526 aut

287 1555 430 1620 turpi,
467 1565 522 1607 ut
552 1558 663 1618 hoe,
699 1557 827 1608 sitne
858 1558 1125 1608 honestum
1157 1557 1340 1622 gloriae
1372 1575 1522 1608 causa
1554 1567 1764 1609 mortem
1801 1557 1953 1608 obire.

288 1638 687 1703 Comparationis
721 1650 890 1693 autem
925 1642 1028 1690 duo
1063 1649 1179 1689 sunt
1211 1640 1379 1691 modi:
1427 1658 1569 1701 unuS,
1606 1658 1722 1690 cum
1755 1639 1956 1690 idemne

287 1718 350 1768 sit
383 1736 450 1769 an
482 1719 674 1785 aliquid
708 1720 899 1772 intersit
934 1721 1183 1787 quaeritur
1198 1741 1212 1784 3
1265 1732 1320 1772 ut
1356 1731 1576 1773 metuere
1612 1731 1662 1772 et
1697 1722 1864 1783 vereri,
1902 1731 1958 1772 ut

212 1815 265 1847 ιο
286 1817 371 1852 rex
404 1809 456 1854 et
489 1810 738 1867 tyrannuS,
765 1812 820 1853 ut
854 1805 1140 1854 adsentator
1175 1813 1225 1854 et
1259 1804 1449 1854 amicus
1466 1823 1480 1866 3
1515 1807 1649 1865 alter,
1687 1821 1802 1853 cum
1835 1803 1957 1869 quid

285 1891 500 1947 praestet
538 1883 674 1943 aliud
719 1883 803 1935 alii
849 1884 1110 1949 quaeritur,
1155 1895 1210 1935 ut
1250 1885 1387 1947 illud,
1432 1885 1675 1951 optimine
1716 1885 1956 1950 cuiusque

285 1963 532 2030 sapientes
563 1983 629 2016 an
659 1965 886 2031 populari
916 1968 1064 2017 laude
1097 1969 1354 2017 ducantur.
1428 1970 1597 2032 Atque
1630 1984 1718 2017 eae
1750 1966 1954 2031 quidem

282 2044 683 2111 disceptationes,
727 2063 855 2112 quae
901 2049 968 2098 ad
1015 2047 1352 2113 cognitionem
1400 2051 1685 2111 referuntur,
1737 2049 1808 2098 sic
1855 2051 1955 2099 fere

282 2144 315 2178 a
335 2127 636 2179 doctissimis
659 2129 946 2180 hominibus
965 2129 1325 2180 describuntur.
1377 2132 1522 2193 Quae
1540 2148 1657 2181 vero
1680 2133 1955 2182 referuntur

209 2223 261 2267 ²5
282 2209 349 2259 ad
382 2211 646 2275 agendum,
684 2219 770 2260 aut
804 2210 857 2260 in
892 2211 1023 2261 offici
1058 2211 1420 2277 disceptatione
1462 2222 1727 2272 versantur,
1767 2230 1868 2277 quo
1901 2213 1952 2262 in

280 2306 462 2355 genere
498 2291 622 2355 quid
659 2300 848 2342 rectum
887 2291 1272 2357 faciendumque
1310 2293 1373 2343 sit
1414 2293 1677 2358 quaeritur,
1723 2294 1803 2343 cui
1840 2296 1957 2345 loco

280 2371 445 2422 omnis
490 2371 727 2424 virtutum
785 2382 835 2423 et
882 2373 1112 2424 vitiorum
1160 2384 1234 2424 est
1292 2375 1414 2424 silva
1472 2374 1707 2435 subiecta,
1757 2384 1844 2425 aut
1900 2375 1953 2425 in

279 2451 560 2506 animorum
599 2452 767 2518 aliqua
811 2454 1124 2519 permotione
1172 2464 1257 2504 aut
1303 2455 1551 2520 gignenda
1596 2465 1682 2506 aut
1729 2458 1953 2508 sedanda

280 2535 571 2591 tollendave¹
586 2543 867 2587 tractantur.
943 2536 1082 2586 Huic
1104 2536 1272 2602 generi
1296 2536 1550 2587 subiectae
1582 2547 1697 2587 sunt
1728 2540 1957 2595 cohorta-

335 2663 390 2704 M
405 2684 441 2700 =
461 2664 601 2707 ΑΕΗ
704 2679 734 2719 9
762 2667 849 2708 duo
861 2680 946 2709 om.
964 2667 1016 2708 H
1099 2680 1152 2708 10
1179 2669 1315 2720 prima
1334 2667 1371 2707 L
1484 2669 1688 2710 crimeina
1718 2669 1772 2710 M
1898 2683 1949 2722 14

279 2719 494 2771 fugiendis
521 2720 771 2764 verberibus
799 2722 853 2763 M
1098 2734 1147 2772 15
1178 2729 1224 2762 ut
1254 2723 1350 2764 add.
1392 2724 1540 2764 Pearce
1759 2739 1814 2765 20
1840 2725 1950 2766 alter

278 2774 424 2827 vulga:
497 2775 677 2818 alterum
718 2776 830 2818 codd.
1034 2777 1135 2828 quid
1176 2777 1252 2817 M:
1308 2779 1381 2829 qui
1421 2778 1459 2817 L
1680 2793 1729 2820 21
1762 2780 1831 2820 alii
1860 2794 1944 2822 om.

278 2826 334 2867 M
492 2843 547 2883 23
574 2832 866 2882 cognitionem
884 2828 927 2870 A
952 2844 1050 2871 corr.
1071 2831 1182 2884 vulg.
1206 2846 1215 2872 ε
1245 2834 1544 2883 cognationem
1565 2831 1620 2873 M
1751 2846 1804 2884 25
1835 2835 1947 2875 offici

274 2884 336 2923 sic
360 2882 452 2924 HA
647 2886 703 2927 26
731 2886 832 2938 quoi
862 2886 957 2926 loco
985 2886 1028 2925 A
1050 2900 1060 2926 :
1098 2892 1198 2939 quoi
1227 2886 1304 2928 H:
1342 2901 1427 2938 quo
1454 2888 1497 2928 in
1524 2887 1569 2929 E
1760 2901 1811 2940 27
1841 2890 1948 2931 silva

275 2937 389 2993 vulg.
408 2951 421 2981 ε
450 2937 523 2984 illa
542 2938 595 2982 M

1759 3011 1836 3052 14*

1983 909 2062 952 116

1982 1654 2059 1701 117

1976 2099 2047 2149 30

1979 2164 2059 2205 118
