2060 3432
528 677 615 736 M.
682 674 948 735 TVLLI
1016 675 1523 735 CICERONIS

687 840 818 900 DE
886 841 1338 901 ORATORE

461 1004 544 1046 AD
583 1004 850 1056 QVINTVM
893 1004 1174 1045 FRATREM
1218 1004 1380 1046 LIBRI
1422 1004 1572 1046 TRES

749 1166 964 1234 LIBER
1012 1186 1282 1235 PRIMVS

249 1316 546 1367 COG1TANT1
584 1315 706 1365 mihi
741 1331 889 1379 saepe
926 1331 1133 1365 numero
1162 1323 1211 1365 et
1246 1314 1486 1386 memoria
1520 1324 1685 1365 vetera
1719 1332 1853 1380 repe·
1875 1331 1898 1365 1

182 1396 306 1447 tenti
339 1396 560 1461 perbeati
583 1396 748 1457 fuisse,
777 1396 965 1459 Quinte
997 1398 1156 1456 frater,
1191 1395 1261 1445 illi
1293 1396 1448 1447 videri
1480 1398 1654 1457 solent,
1683 1397 1768 1460 qui
1800 1397 1851 1446 in

182 1476 372 1542 optima
408 1493 463 1527 re
498 1477 711 1541 publica,
756 1493 871 1526 cum
910 1486 958 1527 et
998 1476 1273 1527 honoribus
1314 1486 1363 1527 et
1404 1494 1566 1527 rerum
1604 1487 1850 1541 gestarum

181 1557 336 1622 gloria
357 1559 600 1618 florerent,
619 1574 734 1607 eum
758 1558 886 1608 vitae
910 1574 1108 1607 cursum
1133 1567 1301 1607 tenere
1325 1567 1606 1621 potuerunt,
1628 1568 1682 1608 ut
1706 1561 1783 1608 vel
1798 1559 1849 1608 in

134 1656 158 1697 5
182 1638 383 1702 negotio
407 1638 514 1688 sine
536 1638 757 1703 periculo
775 1640 853 1689 vel
876 1639 927 1687 in
952 1638 1055 1689 otio
1084 1655 1199 1688 cum
1224 1638 1462 1702 dignitate
1491 1656 1598 1689 esse
1616 1650 1820 1703 possent
1837 1659 1852 1701 3

180 1734 241 1769 ac
285 1719 377 1769 fuit
417 1735 533 1769 cum
570 1719 693 1769 mihi
727 1735 929 1784 quoque
960 1719 1155 1769 initium
1193 1719 1536 1783 requiescendi
1567 1729 1717 1784 atque
1751 1722 1852 1770 ani-

181 1816 321 1850 mum
370 1801 438 1850 ad
487 1800 742 1864 utriusque
801 1810 1024 1851 nostrum
1080 1802 1330 1864 praeclara
1388 1800 1552 1851 studia
1608 1803 1852 1853 referendi

180 1882 286 1931 fore
317 1880 504 1932 iustum
539 1890 589 1932 et
623 1897 779 1945 prope
813 1881 878 1931 ab
914 1881 1148 1931 omnibus
1185 1897 1480 1931 concessum
1512 1881 1782 1942 arbitrarer,
1810 1883 1852 1932 si

179 1950 402 2012 infinitus
447 1961 717 2012 forensium
764 1979 926 2012 rerum
974 1962 1114 2012 labor
1159 1971 1207 2011 et
1254 1961 1540 2011 ambitionis
1587 1964 1853 2027 occupatio

109 2062 160 2094 ιο
180 2043 393 2094 decursu
432 2044 695 2104 honorum,
734 2043 883 2093 etiam
920 2043 1093 2094 aetatis
1128 2045 1258 2092 flexu
1296 2043 1608 2093 constitisset.
1683 2046 1849 2106 Quam
1877 2063 1896 2089 2

180 2139 321 2187 spem
367 2123 725 2188 cogitationum
773 2132 822 2174 et
869 2124 1190 2179 consiliorum
1238 2141 1463 2174 meorum
1511 2141 1626 2173 cum
1681 2141 1850 2188 graves

179 2205 523 2255 communium
559 2214 840 2270 temporum
878 2215 985 2256 tum
1021 2205 1139 2254 varii
1175 2205 1330 2255 nostri
1365 2222 1507 2254 casus
1544 2207 1820 2256 fefellerunt
1835 2226 1854 2268 ,-

179 2301 296 2334 nam
343 2285 430 2350 qui
475 2288 615 2337 locus
662 2286 841 2351 quietis
888 2296 937 2336 et
975 2285 1338 2350 tranquillitatis
1383 2285 1699 2348 plenissimus
1746 2289 1851 2336 fore

179 2364 452 2428 videbatur,
478 2367 530 2416 in
566 2383 628 2418 eo
668 2367 911 2418 maximae
953 2369 1111 2417 moles
1144 2367 1480 2418 molestiarum
1517 2377 1566 2417 et
1601 2368 1851 2417 turbulen-

108 2459 156 2502 15
179 2445 398 2497 tissimae
426 2456 744 2512 tempestates
777 2449 1095 2509 exstiterunt3
1136 2465 1300 2512 neque
1327 2465 1444 2499 vero
1473 2448 1618 2498 nobis
1651 2448 1851 2512 cupien-

178 2526 312 2577 tibus
343 2536 494 2592 atque
525 2529 872 2593 exoptantibus
904 2532 1090 2579 fructus
1123 2529 1193 2579 oti
1226 2530 1370 2580 datus
1403 2539 1476 2579 est
1508 2531 1573 2579 ad
1602 2546 1684 2579 eas
1714 2530 1846 2591 artiS,

177 2606 360 2671 quibus
405 2625 436 2658 a
481 2609 645 2674 pueris
691 2609 848 2660 dediti
888 2610 1085 2670 fuimuS,
1127 2611 1448 2662 celebrandas
1489 2610 1615 2660 inter
1654 2627 1848 2675 nosque

176 2689 480 2739 recolendas.
554 2691 686 2741 Nam
733 2691 891 2754 prima
936 2700 1097 2741 aetate
1138 2691 1404 2742 incidimus
1451 2690 1502 2739 in
1544 2690 1701 2755 ipsam
1742 2709 1848 2756 per-
1868 2715 1893 2754 3

177 2767 511 2822 turbationem
542 2770 835 2836 disciplinae
864 2772 1054 2833 veteriS‚
1090 2781 1140 2822 et
1175 2774 1436 2823 consulatu
1471 2773 1762 2823 devenimus
1794 2775 1845 2824 in

231 2899 285 2940 M
294 2897 435 2940 =HE
593 2912 621 2953 5
648 2901 743 2941 sine
761 2931 772 2942 .
797 2930 807 2942 .
833 2931 842 2942 .
863 2902 950 2942 otio
971 2915 1052 2943 om.
1066 2901 1120 2942 M
1226 2904 1254 2942 6
1274 2901 1351 2941 suit
1363 2914 1459 2943 cum
1472 2903 1581 2954 vulg.
1603 2918 1613 2943 :
1642 2903 1718 2943 suit
1730 2906 1845 2954 quod

177 2952 233 2993 M
244 2968 255 2994 ι
277 2953 356 2995 fuit
380 2954 454 3005 qui
477 2954 542 2996 vel
562 2954 639 2995 fuit
662 2956 831 3006 quidem
862 2970 934 2997 m:
964 2956 1043 2996 suit
1068 2963 1238 3008 tempus
1263 2956 1367 2998 illud
1395 2970 1490 2997 cum
1520 2957 1557 2997 L
1577 2972 1586 2998 z
1617 2958 1727 2998 idem
1748 2959 1842 2999 add.

177 3007 377 3049 Fn'edn‘dt
492 3021 544 3050 10
572 3010 751 3050 decursu
772 3010 882 3062 vulg.
904 3024 913 3050 ε
942 3021 1068 3052 cursu
1098 3010 1152 3051 M

230 3089 312 3119 cxc.
335 3089 392 3119 m:
410 3089 540 3120 οιιΑτ.
1412 3063 1416 3065 i
1658 3082 1679 3121 1
