<?xml version="1.0" encoding="UTF-8"?>
<!DOCTYPE html PUBLIC "-//W3C//DTD XHTML 1.0 Transitional//EN"
    "http://www.w3.org/TR/xhtml1/DTD/xhtml1-transitional.dtd">
<html xmlns="http://www.w3.org/1999/xhtml" xml:lang="en" lang="en">
 <head>
  <title>
</title>
<meta http-equiv="Content-Type" content="text/html;charset=utf-8" />
  <meta name='ocr-system' content='tesseract 3.04.00' />
  <meta name='ocr-capabilities' content='ocr_page ocr_carea ocr_par ocr_line ocrx_word'/>
</head>
<body>
  <div class='ocr_page' id='page_1' title='image "./rhetoricarecogno01ciceuoft_0163.png"; bbox 0 0 2150 3444; ppageno 0'>
   <div class='ocr_carea' id='block_1_1' title="bbox 752 136 1351 187">
    <p class='ocr_par' dir='ltr' id='par_1_1' title="bbox 752 136 1351 187">
     <span class='ocr_line' id='line_1_1' title="bbox 752 136 1351 187; baseline -0.002 0"><span class='ocrx_word' id='word_1_1' title='bbox 752 139 847 187; x_wconf 92' lang='lat' dir='ltr'><strong>DE</strong></span> <span class='ocrx_word' id='word_1_2' title='bbox 883 136 1225 187; x_wconf 90' lang='lat' dir='ltr'><strong>ORATORE</strong></span> <span class='ocrx_word' id='word_1_3' title='bbox 1296 139 1351 187; x_wconf 96' lang='grc' dir='ltr'><strong>ῙῙ</strong></span> 
     </span>
    </p>
   </div>
   <div class='ocr_carea' id='block_1_2' title="bbox 126 275 1889 2705">
    <p class='ocr_par' dir='ltr' id='par_1_2' title="bbox 218 275 1889 585">
     <span class='ocr_line' id='line_1_2' title="bbox 220 275 1885 343; baseline -0.001 -14"><span class='ocrx_word' id='word_1_4' title='bbox 220 275 556 339; x_wconf 81' lang='lat' dir='ltr'>similitudine,</span> <span class='ocrx_word' id='word_1_5' title='bbox 606 295 736 343; x_wconf 92' lang='lat' dir='ltr'><strong>quae</strong></span> <span class='ocrx_word' id='word_1_6' title='bbox 789 286 875 327; x_wconf 90' lang='lat' dir='ltr'><strong>aut</strong></span> <span class='ocrx_word' id='word_1_7' title='bbox 921 276 1256 327; x_wconf 89' lang='lat' dir='ltr'><strong>conlationem</strong></span> <span class='ocrx_word' id='word_1_8' title='bbox 1304 277 1455 326; x_wconf 89' lang='lat' dir='ltr'><strong>habet</strong></span> <span class='ocrx_word' id='word_1_9' title='bbox 1501 285 1586 326; x_wconf 90' lang='lat' dir='ltr'><strong>aut</strong></span> <span class='ocrx_word' id='word_1_10' title='bbox 1633 286 1885 342; x_wconf 85' lang='lat' dir='ltr'><strong>tamquam</strong></span> 
     </span>
     <span class='ocr_line' id='line_1_3' title="bbox 219 357 1886 424; baseline -0.001 -15"><span class='ocrx_word' id='word_1_11' title='bbox 219 358 484 424; x_wconf 85' lang='lat' dir='ltr'><strong>imaginem</strong></span> <span class='ocrx_word' id='word_1_12' title='bbox 505 378 515 408; x_wconf 74' lang='grc' dir='ltr'>ε</span> <span class='ocrx_word' id='word_1_13' title='bbox 551 358 900 419; x_wconf 90' lang='lat' dir='ltr'><strong>conlationem,</strong></span> <span class='ocrx_word' id='word_1_14' title='bbox 920 366 975 407; x_wconf 93' lang='lat' dir='ltr'><strong>ut</strong></span> <span class='ocrx_word' id='word_1_15' title='bbox 990 357 1072 407; x_wconf 91' lang='lat' dir='ltr'><strong>ille</strong></span> <span class='ocrx_word' id='word_1_16' title='bbox 1087 359 1259 407; x_wconf 87' lang='lat' dir='ltr'>Gallus</span> <span class='ocrx_word' id='word_1_17' title='bbox 1275 357 1394 406; x_wconf 91' lang='lat' dir='ltr'><strong>olim</strong></span> <span class='ocrx_word' id='word_1_18' title='bbox 1414 357 1550 407; x_wconf 91' lang='lat' dir='ltr'><strong>testis</strong></span> <span class='ocrx_word' id='word_1_19' title='bbox 1569 357 1620 406; x_wconf 92' lang='lat' dir='ltr'><strong>in</strong></span> <span class='ocrx_word' id='word_1_20' title='bbox 1638 358 1886 420; x_wconf 84' lang='lat' dir='ltr'><strong>Pisonem,</strong></span> 
     </span>
     <span class='ocr_line' id='line_1_4' title="bbox 218 437 1889 503; baseline 0.001 -14"><span class='ocrx_word' id='word_1_21' title='bbox 218 455 335 490; x_wconf 88' lang='lat' dir='ltr'><strong>curn</strong></span> <span class='ocrx_word' id='word_1_22' title='bbox 381 439 795 489; x_wconf 84' lang='lat' dir='ltr'><strong>innumerabilem</strong></span> <span class='ocrx_word' id='word_1_23' title='bbox 850 438 1020 503; x_wconf 89' lang='lat' dir='ltr'><strong>Magio</strong></span> <span class='ocrx_word' id='word_1_24' title='bbox 1074 440 1323 503; x_wconf 91' lang='lat' dir='ltr'><strong>praefecto</strong></span> <span class='ocrx_word' id='word_1_25' title='bbox 1372 437 1637 502; x_wconf 91' lang='lat' dir='ltr'><strong>pecuniam</strong></span> <span class='ocrx_word' id='word_1_26' title='bbox 1687 438 1889 490; x_wconf 87' lang='lat' dir='ltr'><strong>dixisset</strong></span> 
     </span>
     <span class='ocr_line' id='line_1_5' title="bbox 218 518 1888 585; baseline -0.001 -15"><span class='ocrx_word' id='word_1_27' title='bbox 218 521 387 570; x_wconf 87' lang='lat' dir='ltr'><strong>datam</strong></span> <span class='ocrx_word' id='word_1_28' title='bbox 427 519 581 585; x_wconf 90' lang='lat' dir='ltr'><strong>idque</strong></span> <span class='ocrx_word' id='word_1_29' title='bbox 621 522 833 570; x_wconf 87' lang='lat' dir='ltr'><strong>Scaurus</strong></span> <span class='ocrx_word' id='word_1_30' title='bbox 875 519 1117 570; x_wconf 85' lang='lat' dir='ltr'><strong>tenuitate</strong></span> <span class='ocrx_word' id='word_1_31' title='bbox 1154 518 1293 583; x_wconf 90' lang='lat' dir='ltr'><strong>Magi</strong></span> <span class='ocrx_word' id='word_1_32' title='bbox 1335 521 1659 583; x_wconf 87' lang='lat' dir='ltr'><strong>redargueret,</strong></span> <span class='ocrx_word' id='word_1_33' title='bbox 1702 522 1888 581; x_wconf 82' lang='lat' dir='ltr'><strong>‘erraS,&#39;</strong></span> 
     </span>
    </p>

    <p class='ocr_par' dir='ltr' id='par_1_3' title="bbox 133 599 1888 2131">
     <span class='ocr_line' id='line_1_6' title="bbox 171 599 1884 665; baseline 0.001 -16"><span class='ocrx_word' id='word_1_34' title='bbox 171 616 195 660; x_wconf 89' lang='lat'><strong>5</strong></span> <span class='ocrx_word' id='word_1_35' title='bbox 217 600 379 665; x_wconf 89' lang='lat' dir='ltr'><strong>inquit</strong></span> <span class='ocrx_word' id='word_1_36' title='bbox 405 602 648 662; x_wconf 85' lang='lat' dir='ltr'><strong>‘Scaure3</strong></span> <span class='ocrx_word' id='word_1_37' title='bbox 701 617 795 665; x_wconf 90' lang='lat' dir='ltr'><strong>ego</strong></span> <span class='ocrx_word' id='word_1_38' title='bbox 830 600 966 650; x_wconf 86' lang='lat' dir='ltr'><strong>enirn</strong></span> <span class='ocrx_word' id='word_1_39' title='bbox 1004 599 1230 665; x_wconf 89' lang='lat' dir='ltr'><strong>Magium</strong></span> <span class='ocrx_word' id='word_1_40' title='bbox 1267 616 1371 650; x_wconf 92' lang='lat' dir='ltr'><strong>non</strong></span> <span class='ocrx_word' id='word_1_41' title='bbox 1407 616 1723 650; x_wconf 91' lang='lat' dir='ltr'><strong>conservasse</strong></span> <span class='ocrx_word' id='word_1_42' title='bbox 1756 600 1884 662; x_wconf 89' lang='lat' dir='ltr'><strong>dico,</strong></span> 
     </span>
     <span class='ocr_line' id='line_1_7' title="bbox 216 681 1888 747; baseline 0.001 -15"><span class='ocrx_word' id='word_1_43' title='bbox 216 683 306 732; x_wconf 88' lang='lat' dir='ltr'><strong>sed</strong></span> <span class='ocrx_word' id='word_1_44' title='bbox 330 691 586 747; x_wconf 91' lang='lat' dir='ltr'><strong>tamquam</strong></span> <span class='ocrx_word' id='word_1_45' title='bbox 610 683 775 732; x_wconf 91' lang='lat' dir='ltr'><strong>nudus</strong></span> <span class='ocrx_word' id='word_1_46' title='bbox 800 699 954 731; x_wconf 91' lang='lat' dir='ltr'><strong>nuces</strong></span> <span class='ocrx_word' id='word_1_47' title='bbox 986 683 1182 746; x_wconf 90' lang='lat' dir='ltr'><strong>legeret,</strong></span> <span class='ocrx_word' id='word_1_48' title='bbox 1210 681 1262 730; x_wconf 91' lang='lat' dir='ltr'><strong>in</strong></span> <span class='ocrx_word' id='word_1_49' title='bbox 1286 690 1456 732; x_wconf 90' lang='lat' dir='ltr'><strong>ventre</strong></span> <span class='ocrx_word' id='word_1_50' title='bbox 1479 682 1740 732; x_wconf 89' lang='lat' dir='ltr'><strong>abstulisse</strong></span> <span class='ocrx_word' id='word_1_51' title='bbox 1756 685 1798 745; x_wconf 82' lang='lat'><strong>&#39;3</strong></span> <span class='ocrx_word' id='word_1_52' title='bbox 1833 693 1888 733; x_wconf 90' lang='lat' dir='ltr'><strong>ut</strong></span> 
     </span>
     <span class='ocr_line' id='line_1_8' title="bbox 215 761 1884 827; baseline 0.002 -16"><span class='ocrx_word' id='word_1_53' title='bbox 215 761 338 813; x_wconf 92' lang='lat' dir='ltr'><strong>illud</strong></span> <span class='ocrx_word' id='word_1_54' title='bbox 374 764 446 812; x_wconf 91' lang='lat' dir='ltr'><strong>M.</strong></span> <span class='ocrx_word' id='word_1_55' title='bbox 486 762 665 814; x_wconf 90' lang='lat' dir='ltr'><strong>Cicero</strong></span> <span class='ocrx_word' id='word_1_56' title='bbox 700 779 864 823; x_wconf 87' lang='lat' dir='ltr'><strong>senex,</strong></span> <span class='ocrx_word' id='word_1_57' title='bbox 896 762 1042 811; x_wconf 91' lang='lat' dir='ltr'><strong>huius</strong></span> <span class='ocrx_word' id='word_1_58' title='bbox 1077 762 1167 811; x_wconf 90' lang='lat' dir='ltr'><strong>viri</strong></span> <span class='ocrx_word' id='word_1_59' title='bbox 1202 762 1392 827; x_wconf 91' lang='lat' dir='ltr'><strong>optimi,</strong></span> <span class='ocrx_word' id='word_1_60' title='bbox 1431 763 1585 813; x_wconf 88' lang='lat' dir='ltr'><strong>nostri</strong></span> <span class='ocrx_word' id='word_1_61' title='bbox 1620 764 1884 826; x_wconf 80' lang='lat' dir='ltr'><strong>familiariS,</strong></span> 
     </span>
     <span class='ocr_line' id='line_1_9' title="bbox 213 843 1888 909; baseline 0.001 -16"><span class='ocrx_word' id='word_1_62' title='bbox 213 852 366 909; x_wconf 88' lang='lat' dir='ltr'><strong>pater,</strong></span> <span class='ocrx_word' id='word_1_63' title='bbox 395 847 408 870; x_wconf 90' lang='lat'>‘</span> <span class='ocrx_word' id='word_1_64' title='bbox 426 852 622 893; x_wconf 92' lang='lat' dir='ltr'><strong>nostros</strong></span> <span class='ocrx_word' id='word_1_65' title='bbox 647 843 876 893; x_wconf 91' lang='lat' dir='ltr'><strong>homines</strong></span> <span class='ocrx_word' id='word_1_66' title='bbox 902 843 1074 893; x_wconf 89' lang='lat' dir='ltr'><strong>similis</strong></span> <span class='ocrx_word' id='word_1_67' title='bbox 1106 861 1214 894; x_wconf 91' lang='lat' dir='ltr'><strong>esse</strong></span> <span class='ocrx_word' id='word_1_68' title='bbox 1247 846 1478 908; x_wconf 89' lang='lat' dir='ltr'><strong>Syrorum</strong></span> <span class='ocrx_word' id='word_1_69' title='bbox 1503 845 1782 895; x_wconf 89' lang='lat' dir='ltr'><strong>venalium:</strong></span> <span class='ocrx_word' id='word_1_70' title='bbox 1832 855 1888 896; x_wconf 89' lang='lat' dir='ltr'><strong>ut</strong></span> 
     </span>
     <span class='ocr_line' id='line_1_10' title="bbox 213 923 1888 990; baseline 0.002 -16"><span class='ocrx_word' id='word_1_71' title='bbox 213 923 424 989; x_wconf 89' lang='lat' dir='ltr'><strong>quisque</strong></span> <span class='ocrx_word' id='word_1_72' title='bbox 446 923 636 989; x_wconf 90' lang='lat' dir='ltr'><strong>optime</strong></span> <span class='ocrx_word' id='word_1_73' title='bbox 656 926 847 975; x_wconf 89' lang='lat' dir='ltr'><strong>Graece</strong></span> <span class='ocrx_word' id='word_1_74' title='bbox 870 924 1029 987; x_wconf 91' lang='lat' dir='ltr'><strong>sciret,</strong></span> <span class='ocrx_word' id='word_1_75' title='bbox 1047 924 1116 975; x_wconf 89' lang='lat' dir='ltr'><strong>ita</strong></span> <span class='ocrx_word' id='word_1_76' title='bbox 1140 942 1247 976; x_wconf 91' lang='lat' dir='ltr'><strong>esse</strong></span> <span class='ocrx_word' id='word_1_77' title='bbox 1266 925 1657 990; x_wconf 89' lang='lat' dir='ltr'><strong>nequissimum.&#39;</strong></span> <span class='ocrx_word' id='word_1_78' title='bbox 1725 928 1888 977; x_wconf 89' lang='lat' dir='ltr'><strong>Valde</strong></span> 
     </span>
     <span class='ocr_line' id='line_1_11' title="bbox 142 1006 1885 1072; baseline 0.002 -16"><span class='ocrx_word' id='word_1_79' title='bbox 142 1024 193 1056; x_wconf 85' lang='lat'><strong>10</strong></span> <span class='ocrx_word' id='word_1_80' title='bbox 212 1015 380 1056; x_wconf 87' lang='lat' dir='ltr'><strong>autem</strong></span> <span class='ocrx_word' id='word_1_81' title='bbox 414 1006 638 1057; x_wconf 84' lang='lat' dir='ltr'><strong>ridentur</strong></span> <span class='ocrx_word' id='word_1_82' title='bbox 671 1006 822 1056; x_wconf 91' lang='lat' dir='ltr'><strong>etiam</strong></span> <span class='ocrx_word' id='word_1_83' title='bbox 851 1006 1104 1072; x_wconf 81' lang='lat' dir='ltr'><strong>imagineS‚</strong></span> <span class='ocrx_word' id='word_1_84' title='bbox 1139 1025 1268 1072; x_wconf 88' lang='lat' dir='ltr'><strong>quae</strong></span> <span class='ocrx_word' id='word_1_85' title='bbox 1297 1009 1398 1057; x_wconf 91' lang='lat' dir='ltr'><strong>fere</strong></span> <span class='ocrx_word' id='word_1_86' title='bbox 1432 1007 1484 1057; x_wconf 91' lang='lat' dir='ltr'><strong>in</strong></span> <span class='ocrx_word' id='word_1_87' title='bbox 1520 1007 1885 1059; x_wconf 90' lang='lat' dir='ltr'><strong>deformitatem</strong></span> 
     </span>
     <span class='ocr_line' id='line_1_12' title="bbox 210 1087 1886 1152; baseline 0.001 -14"><span class='ocrx_word' id='word_1_88' title='bbox 210 1096 298 1138; x_wconf 88' lang='lat' dir='ltr'><strong>aut</strong></span> <span class='ocrx_word' id='word_1_89' title='bbox 329 1087 383 1138; x_wconf 91' lang='lat' dir='ltr'><strong>in</strong></span> <span class='ocrx_word' id='word_1_90' title='bbox 417 1087 624 1152; x_wconf 92' lang='lat' dir='ltr'><strong>aliquod</strong></span> <span class='ocrx_word' id='word_1_91' title='bbox 658 1087 833 1137; x_wconf 90' lang='lat' dir='ltr'><strong>vitium</strong></span> <span class='ocrx_word' id='word_1_92' title='bbox 870 1088 1089 1152; x_wconf 90' lang='lat' dir='ltr'><strong>corporis</strong></span> <span class='ocrx_word' id='word_1_93' title='bbox 1126 1090 1378 1138; x_wconf 91' lang='lat' dir='ltr'><strong>ducuntur</strong></span> <span class='ocrx_word' id='word_1_94' title='bbox 1409 1105 1526 1138; x_wconf 90' lang='lat' dir='ltr'><strong>cum</strong></span> <span class='ocrx_word' id='word_1_95' title='bbox 1563 1088 1886 1140; x_wconf 83' lang='lat' dir='ltr'><strong>similitudine</strong></span> 
     </span>
     <span class='ocr_line' id='line_1_13' title="bbox 211 1167 1886 1234; baseline 0.001 -15"><span class='ocrx_word' id='word_1_96' title='bbox 211 1167 471 1234; x_wconf 83' lang='lat' dir='ltr'><strong>turpioris:</strong></span> <span class='ocrx_word' id='word_1_97' title='bbox 524 1177 579 1218; x_wconf 92' lang='lat' dir='ltr'><strong>ut</strong></span> <span class='ocrx_word' id='word_1_98' title='bbox 602 1185 773 1219; x_wconf 90' lang='lat' dir='ltr'><strong>meum</strong></span> <span class='ocrx_word' id='word_1_99' title='bbox 797 1168 921 1219; x_wconf 93' lang='lat' dir='ltr'><strong>illud</strong></span> <span class='ocrx_word' id='word_1_100' title='bbox 946 1170 997 1219; x_wconf 89' lang='lat' dir='ltr'><strong>in</strong></span> <span class='ocrx_word' id='word_1_101' title='bbox 1025 1170 1264 1219; x_wconf 91' lang='lat' dir='ltr'><strong>Helvium</strong></span> <span class='ocrx_word' id='word_1_102' title='bbox 1291 1170 1545 1220; x_wconf 91' lang='lat' dir='ltr'><strong>Manciam</strong></span> <span class='ocrx_word' id='word_1_103' title='bbox 1575 1170 1699 1220; x_wconf 89' lang='lat' dir='ltr'><strong>‘iam</strong></span> <span class='ocrx_word' id='word_1_104' title='bbox 1724 1179 1886 1221; x_wconf 90' lang='lat' dir='ltr'><strong>osten-</strong></span> 
     </span>
     <span class='ocr_line' id='line_1_14' title="bbox 210 1250 1885 1316; baseline 0.001 -15"><span class='ocrx_word' id='word_1_105' title='bbox 210 1252 330 1302; x_wconf 89' lang='lat' dir='ltr'><strong>dam</strong></span> <span class='ocrx_word' id='word_1_106' title='bbox 364 1250 506 1301; x_wconf 91' lang='lat' dir='ltr'><strong>cuius</strong></span> <span class='ocrx_word' id='word_1_107' title='bbox 541 1251 681 1301; x_wconf 91' lang='lat' dir='ltr'><strong>modi</strong></span> <span class='ocrx_word' id='word_1_108' title='bbox 716 1250 812 1311; x_wconf 82' lang='lat' dir='ltr'><strong>siS,&#39;</strong></span> <span class='ocrx_word' id='word_1_109' title='bbox 845 1268 961 1301; x_wconf 92' lang='lat' dir='ltr'><strong>cum</strong></span> <span class='ocrx_word' id='word_1_110' title='bbox 994 1251 1077 1301; x_wconf 90' lang='lat' dir='ltr'><strong>ille</strong></span> <span class='ocrx_word' id='word_1_111' title='bbox 1105 1253 1354 1313; x_wconf 90' lang='lat' dir='ltr'><strong>‘ostende,</strong></span> <span class='ocrx_word' id='word_1_112' title='bbox 1386 1268 1573 1316; x_wconf 91' lang='lat' dir='ltr'><strong>quaeso</strong></span> <span class='ocrx_word' id='word_1_113' title='bbox 1592 1253 1634 1315; x_wconf 81' lang='lat'><strong>’3</strong></span> <span class='ocrx_word' id='word_1_114' title='bbox 1680 1253 1885 1303; x_wconf 91' lang='lat' dir='ltr'><strong>demon-</strong></span> 
     </span>
     <span class='ocr_line' id='line_1_15' title="bbox 211 1332 1882 1398; baseline 0.002 -16"><span class='ocrx_word' id='word_1_115' title='bbox 211 1332 359 1382; x_wconf 89' lang='lat' dir='ltr'><strong>stravi</strong></span> <span class='ocrx_word' id='word_1_116' title='bbox 382 1332 539 1398; x_wconf 92' lang='lat' dir='ltr'><strong>digito</strong></span> <span class='ocrx_word' id='word_1_117' title='bbox 563 1332 754 1398; x_wconf 90' lang='lat' dir='ltr'><strong>pictum</strong></span> <span class='ocrx_word' id='word_1_118' title='bbox 781 1334 982 1383; x_wconf 89' lang='lat' dir='ltr'><strong>Gallum</strong></span> <span class='ocrx_word' id='word_1_119' title='bbox 1007 1333 1059 1382; x_wconf 93' lang='lat' dir='ltr'><strong>in</strong></span> <span class='ocrx_word' id='word_1_120' title='bbox 1086 1334 1315 1384; x_wconf 90' lang='lat' dir='ltr'><strong>Mariano</strong></span> <span class='ocrx_word' id='word_1_121' title='bbox 1342 1343 1483 1384; x_wconf 89' lang='lat' dir='ltr'><strong>scuto</strong></span> <span class='ocrx_word' id='word_1_122' title='bbox 1509 1334 1763 1385; x_wconf 90' lang='lat' dir='ltr'><strong>Cimbrico</strong></span> <span class='ocrx_word' id='word_1_123' title='bbox 1788 1336 1882 1385; x_wconf 91' lang='lat' dir='ltr'><strong>sub</strong></span> 
     </span>
     <span class='ocr_line' id='line_1_16' title="bbox 137 1414 1882 1479; baseline 0.001 -14"><span class='ocrx_word' id='word_1_124' title='bbox 137 1433 187 1475; x_wconf 84' lang='lat'><strong>15</strong></span> <span class='ocrx_word' id='word_1_125' title='bbox 212 1414 370 1465; x_wconf 91' lang='lat' dir='ltr'><strong>Novis</strong></span> <span class='ocrx_word' id='word_1_126' title='bbox 399 1414 677 1476; x_wconf 90' lang='lat' dir='ltr'><strong>distortum,</strong></span> <span class='ocrx_word' id='word_1_127' title='bbox 705 1414 864 1464; x_wconf 90' lang='lat' dir='ltr'><strong>eiecta</strong></span> <span class='ocrx_word' id='word_1_128' title='bbox 894 1415 1076 1479; x_wconf 87' lang='lat' dir='ltr'><strong>lingua,</strong></span> <span class='ocrx_word' id='word_1_129' title='bbox 1102 1415 1275 1465; x_wconf 90' lang='lat' dir='ltr'><strong>buccis</strong></span> <span class='ocrx_word' id='word_1_130' title='bbox 1308 1415 1576 1466; x_wconf 89' lang='lat' dir='ltr'><strong>fluentibus</strong></span> <span class='ocrx_word' id='word_1_131' title='bbox 1595 1434 1610 1478; x_wconf 91' lang='lat'>;</span> <span class='ocrx_word' id='word_1_132' title='bbox 1658 1417 1783 1466; x_wconf 91' lang='lat' dir='ltr'><strong>risus</strong></span> <span class='ocrx_word' id='word_1_133' title='bbox 1807 1426 1882 1467; x_wconf 92' lang='lat' dir='ltr'><strong>est</strong></span> 
     </span>
     <span class='ocr_line' id='line_1_17' title="bbox 209 1495 1879 1560; baseline 0.001 -14"><span class='ocrx_word' id='word_1_134' title='bbox 209 1505 492 1546; x_wconf 89' lang='lat' dir='ltr'><strong>commotus</strong></span> <span class='ocrx_word' id='word_1_135' title='bbox 509 1514 524 1559; x_wconf 86' lang='lat'>3</span> <span class='ocrx_word' id='word_1_136' title='bbox 576 1495 700 1545; x_wconf 92' lang='lat' dir='ltr'><strong>nihil</strong></span> <span class='ocrx_word' id='word_1_137' title='bbox 735 1505 839 1546; x_wconf 91' lang='lat' dir='ltr'><strong>tam</strong></span> <span class='ocrx_word' id='word_1_138' title='bbox 876 1497 1111 1547; x_wconf 90' lang='lat' dir='ltr'><strong>Manciae</strong></span> <span class='ocrx_word' id='word_1_139' title='bbox 1145 1497 1305 1548; x_wconf 89' lang='lat' dir='ltr'><strong>simile</strong></span> <span class='ocrx_word' id='word_1_140' title='bbox 1334 1497 1494 1547; x_wconf 90' lang='lat' dir='ltr'><strong>visum</strong></span> <span class='ocrx_word' id='word_1_141' title='bbox 1524 1507 1597 1547; x_wconf 90' lang='lat' dir='ltr'><strong>est</strong></span> <span class='ocrx_word' id='word_1_142' title='bbox 1616 1515 1631 1560; x_wconf 84' lang='lat'>3</span> <span class='ocrx_word' id='word_1_143' title='bbox 1681 1507 1735 1548; x_wconf 89' lang='lat' dir='ltr'><strong>ut</strong></span> <span class='ocrx_word' id='word_1_144' title='bbox 1763 1515 1879 1548; x_wconf 91' lang='lat' dir='ltr'><strong>cum</strong></span> 
     </span>
     <span class='ocr_line' id='line_1_18' title="bbox 208 1577 1880 1643; baseline 0.001 -16"><span class='ocrx_word' id='word_1_145' title='bbox 208 1577 327 1628; x_wconf 93' lang='lat' dir='ltr'><strong>Tito</strong></span> <span class='ocrx_word' id='word_1_146' title='bbox 365 1577 564 1628; x_wconf 90' lang='lat' dir='ltr'><strong>Pinario</strong></span> <span class='ocrx_word' id='word_1_147' title='bbox 602 1586 832 1627; x_wconf 90' lang='lat' dir='ltr'><strong>mentum</strong></span> <span class='ocrx_word' id='word_1_148' title='bbox 878 1578 930 1628; x_wconf 92' lang='lat' dir='ltr'><strong>in</strong></span> <span class='ocrx_word' id='word_1_149' title='bbox 978 1578 1197 1629; x_wconf 91' lang='lat' dir='ltr'><strong>dicendo</strong></span> <span class='ocrx_word' id='word_1_150' title='bbox 1244 1578 1580 1643; x_wconf 86' lang='lat' dir='ltr'><strong>intorquenti:</strong></span> <span class='ocrx_word' id='word_1_151' title='bbox 1644 1583 1776 1629; x_wconf 90' lang='lat' dir='ltr'><strong>‘turn</strong></span> <span class='ocrx_word' id='word_1_152' title='bbox 1824 1589 1880 1629; x_wconf 92' lang='lat' dir='ltr'><strong>ut</strong></span> 
     </span>
     <span class='ocr_line' id='line_1_19' title="bbox 207 1658 1879 1726; baseline 0.002 -17"><span class='ocrx_word' id='word_1_153' title='bbox 207 1658 407 1720; x_wconf 88' lang='lat' dir='ltr'><strong>diceret,</strong></span> <span class='ocrx_word' id='word_1_154' title='bbox 435 1659 476 1709; x_wconf 92' lang='lat' dir='ltr'><strong>si</strong></span> <span class='ocrx_word' id='word_1_155' title='bbox 500 1658 623 1724; x_wconf 91' lang='lat' dir='ltr'><strong>quid</strong></span> <span class='ocrx_word' id='word_1_156' title='bbox 647 1662 808 1721; x_wconf 89' lang='lat' dir='ltr'><strong>vellet,</strong></span> <span class='ocrx_word' id='word_1_157' title='bbox 836 1659 878 1709; x_wconf 91' lang='lat' dir='ltr'><strong>si</strong></span> <span class='ocrx_word' id='word_1_158' title='bbox 906 1677 1089 1711; x_wconf 90' lang='lat' dir='ltr'><strong>nucem</strong></span> <span class='ocrx_word' id='word_1_159' title='bbox 1114 1660 1364 1726; x_wconf 89' lang='lat' dir='ltr'><strong>fregisset.&#39;</strong></span> <span class='ocrx_word' id='word_1_160' title='bbox 1436 1661 1602 1710; x_wconf 91' lang='lat' dir='ltr'><strong>Etiam</strong></span> <span class='ocrx_word' id='word_1_161' title='bbox 1626 1661 1722 1723; x_wconf 89' lang='lat' dir='ltr'><strong>illa,</strong></span> <span class='ocrx_word' id='word_1_162' title='bbox 1750 1678 1879 1726; x_wconf 89' lang='lat' dir='ltr'><strong>quae</strong></span> 
     </span>
     <span class='ocr_line' id='line_1_20' title="bbox 205 1740 1878 1806; baseline 0.001 -16"><span class='ocrx_word' id='word_1_163' title='bbox 205 1740 467 1791; x_wconf 89' lang='lat' dir='ltr'><strong>minuendi</strong></span> <span class='ocrx_word' id='word_1_164' title='bbox 489 1750 575 1791; x_wconf 91' lang='lat' dir='ltr'><strong>aut</strong></span> <span class='ocrx_word' id='word_1_165' title='bbox 598 1742 816 1806; x_wconf 90' lang='lat' dir='ltr'><strong>augendi</strong></span> <span class='ocrx_word' id='word_1_166' title='bbox 848 1759 998 1792; x_wconf 89' lang='lat' dir='ltr'><strong>causa</strong></span> <span class='ocrx_word' id='word_1_167' title='bbox 1028 1744 1095 1793; x_wconf 93' lang='lat' dir='ltr'><strong>ad</strong></span> <span class='ocrx_word' id='word_1_168' title='bbox 1119 1742 1462 1793; x_wconf 90' lang='lat' dir='ltr'><strong>incredibilem</strong></span> <span class='ocrx_word' id='word_1_169' title='bbox 1498 1742 1878 1793; x_wconf 89' lang='lat' dir='ltr'><strong>admirationem</strong></span> 
     </span>
     <span class='ocr_line' id='line_1_21' title="bbox 133 1822 1877 1890; baseline 0.002 -18"><span class='ocrx_word' id='word_1_170' title='bbox 133 1843 186 1874; x_wconf 86' lang='lat'><strong>20</strong></span> <span class='ocrx_word' id='word_1_171' title='bbox 205 1822 503 1885; x_wconf 85' lang='lat' dir='ltr'><strong>efferuntur3</strong></span> <span class='ocrx_word' id='word_1_172' title='bbox 550 1824 686 1872; x_wconf 90' lang='lat' dir='ltr'><strong>velut</strong></span> <span class='ocrx_word' id='word_1_173' title='bbox 721 1831 787 1883; x_wconf 94' lang='lat' dir='ltr'><strong>tu,</strong></span> <span class='ocrx_word' id='word_1_174' title='bbox 828 1824 1020 1886; x_wconf 90' lang='lat' dir='ltr'><strong>Crasse,</strong></span> <span class='ocrx_word' id='word_1_175' title='bbox 1052 1823 1104 1873; x_wconf 91' lang='lat' dir='ltr'><strong>in</strong></span> <span class='ocrx_word' id='word_1_176' title='bbox 1139 1824 1404 1874; x_wconf 87' lang='lat' dir='ltr'><strong>contione:</strong></span> <span class='ocrx_word' id='word_1_177' title='bbox 1457 1823 1552 1874; x_wconf 88' lang='lat' dir='ltr'><strong>‘ita</strong></span> <span class='ocrx_word' id='word_1_178' title='bbox 1584 1825 1678 1875; x_wconf 89' lang='lat' dir='ltr'><strong>sibi</strong></span> <span class='ocrx_word' id='word_1_179' title='bbox 1713 1824 1877 1890; x_wconf 90' lang='lat' dir='ltr'><strong>ipsum</strong></span> 
     </span>
     <span class='ocr_line' id='line_1_22' title="bbox 204 1902 1877 1972; baseline 0.004 -20"><span class='ocrx_word' id='word_1_180' title='bbox 204 1919 442 1969; x_wconf 88' lang='lat' dir='ltr'><strong>magnum</strong></span> <span class='ocrx_word' id='word_1_181' title='bbox 475 1902 632 1954; x_wconf 90' lang='lat' dir='ltr'><strong>videri</strong></span> <span class='ocrx_word' id='word_1_182' title='bbox 665 1903 980 1966; x_wconf 89' lang='lat' dir='ltr'><strong>Memmium,</strong></span> <span class='ocrx_word' id='word_1_183' title='bbox 1013 1913 1069 1954; x_wconf 89' lang='lat' dir='ltr'><strong>ut</strong></span> <span class='ocrx_word' id='word_1_184' title='bbox 1102 1903 1155 1954; x_wconf 91' lang='lat' dir='ltr'><strong>in</strong></span> <span class='ocrx_word' id='word_1_185' title='bbox 1185 1907 1347 1956; x_wconf 90' lang='lat' dir='ltr'><strong>forum</strong></span> <span class='ocrx_word' id='word_1_186' title='bbox 1382 1906 1694 1957; x_wconf 90' lang='lat' dir='ltr'><strong>descendens</strong></span> <span class='ocrx_word' id='word_1_187' title='bbox 1727 1919 1877 1972; x_wconf 91' lang='lat' dir='ltr'><strong>caput</strong></span> 
     </span>
     <span class='ocr_line' id='line_1_23' title="bbox 201 1983 1875 2052; baseline 0.003 -18"><span class='ocrx_word' id='word_1_188' title='bbox 201 1985 269 2035; x_wconf 84' lang='lat' dir='ltr'><strong>ad</strong></span> <span class='ocrx_word' id='word_1_189' title='bbox 296 1983 538 2035; x_wconf 91' lang='lat' dir='ltr'><strong>fornicem</strong></span> <span class='ocrx_word' id='word_1_190' title='bbox 571 1984 851 2035; x_wconf 88' lang='lat' dir='ltr'><strong>Fabianum</strong></span> <span class='ocrx_word' id='word_1_191' title='bbox 883 1986 1193 2036; x_wconf 91' lang='lat' dir='ltr'><strong>demitteret&#39;</strong></span> <span class='ocrx_word' id='word_1_192' title='bbox 1213 2005 1229 2049; x_wconf 81' lang='lat'><em>3</em></span> <span class='ocrx_word' id='word_1_193' title='bbox 1274 2004 1334 2037; x_wconf 91' lang='lat' dir='ltr'><strong>ex</strong></span> <span class='ocrx_word' id='word_1_194' title='bbox 1374 2004 1476 2052; x_wconf 92' lang='lat' dir='ltr'><strong>quo</strong></span> <span class='ocrx_word' id='word_1_195' title='bbox 1511 2004 1690 2052; x_wconf 88' lang='lat' dir='ltr'><strong>genere</strong></span> <span class='ocrx_word' id='word_1_196' title='bbox 1725 1989 1875 2039; x_wconf 90' lang='lat' dir='ltr'><strong>etiarn</strong></span> 
     </span>
     <span class='ocr_line' id='line_1_24' title="bbox 202 2064 1876 2131; baseline 0.004 -17"><span class='ocrx_word' id='word_1_197' title='bbox 202 2064 326 2116; x_wconf 91' lang='lat' dir='ltr'><strong>illud</strong></span> <span class='ocrx_word' id='word_1_198' title='bbox 350 2075 439 2127; x_wconf 90' lang='lat' dir='ltr'><strong>est,</strong></span> <span class='ocrx_word' id='word_1_199' title='bbox 466 2067 605 2131; x_wconf 92' lang='lat' dir='ltr'><strong>quod</strong></span> <span class='ocrx_word' id='word_1_200' title='bbox 628 2066 796 2131; x_wconf 89' lang='lat' dir='ltr'><strong>Scipio</strong></span> <span class='ocrx_word' id='word_1_201' title='bbox 820 2068 957 2131; x_wconf 92' lang='lat' dir='ltr'><strong>apud</strong></span> <span class='ocrx_word' id='word_1_202' title='bbox 981 2067 1324 2130; x_wconf 90' lang='lat' dir='ltr'><strong>Numantiam,</strong></span> <span class='ocrx_word' id='word_1_203' title='bbox 1343 2085 1459 2118; x_wconf 93' lang='lat' dir='ltr'><strong>cum</strong></span> <span class='ocrx_word' id='word_1_204' title='bbox 1485 2072 1876 2120; x_wconf 89' lang='lat' dir='ltr'><strong>stomacharetur</strong></span> 
     </span>
    </p>

    <p class='ocr_par' dir='ltr' id='par_1_4' title="bbox 126 2140 1876 2705">
     <span class='ocr_line' id='line_1_25' title="bbox 164 2140 1876 2214; baseline 0.004 -18"><span class='ocrx_word' id='word_1_205' title='bbox 164 2140 166 2142; x_wconf 47' lang='grc'>’</span> <span class='ocrx_word' id='word_1_206' title='bbox 202 2163 319 2197; x_wconf 90' lang='lat' dir='ltr'><strong>cum</strong></span> <span class='ocrx_word' id='word_1_207' title='bbox 343 2149 402 2199; x_wconf 90' lang='lat' dir='ltr'><strong>C.</strong></span> <span class='ocrx_word' id='word_1_208' title='bbox 431 2150 654 2209; x_wconf 91' lang='lat' dir='ltr'><strong>Metello,</strong></span> <span class='ocrx_word' id='word_1_209' title='bbox 682 2147 864 2198; x_wconf 87' lang='lat' dir='ltr'><strong>dixisse</strong></span> <span class='ocrx_word' id='word_1_210' title='bbox 887 2148 1068 2199; x_wconf 89' lang='lat' dir='ltr'><strong>dieitur</strong></span> <span class='ocrx_word' id='word_1_211' title='bbox 1089 2168 1101 2201; x_wconf 81' lang='lat' dir='ltr'><strong><em>z</em></strong></span> <span class='ocrx_word' id='word_1_212' title='bbox 1152 2154 1167 2177; x_wconf 81' lang='lat'>‘</span> <span class='ocrx_word' id='word_1_213' title='bbox 1184 2149 1225 2199; x_wconf 91' lang='lat' dir='ltr'><strong>si</strong></span> <span class='ocrx_word' id='word_1_214' title='bbox 1249 2150 1480 2214; x_wconf 88' lang='lat' dir='ltr'><strong>quintum</strong></span> <span class='ocrx_word' id='word_1_215' title='bbox 1504 2160 1695 2214; x_wconf 89' lang='lat' dir='ltr'><strong>pareret</strong></span> <span class='ocrx_word' id='word_1_216' title='bbox 1718 2161 1876 2202; x_wconf 89' lang='lat' dir='ltr'><strong>mater</strong></span> 
     </span>
     <span class='ocr_line' id='line_1_26' title="bbox 130 2227 1870 2296; baseline 0.003 -19"><span class='ocrx_word' id='word_1_217' title='bbox 130 2244 179 2287; x_wconf 80' lang='lat'><strong>²5</strong></span> <span class='ocrx_word' id='word_1_218' title='bbox 203 2227 324 2290; x_wconf 81' lang='lat' dir='ltr'><strong>eiuS,</strong></span> <span class='ocrx_word' id='word_1_219' title='bbox 339 2228 537 2279; x_wconf 91' lang='lat' dir='ltr'><strong>asinum</strong></span> <span class='ocrx_word' id='word_1_220' title='bbox 559 2229 711 2280; x_wconf 90' lang='lat' dir='ltr'><strong>fuisse</strong></span> <span class='ocrx_word' id='word_1_221' title='bbox 728 2229 1026 2295; x_wconf 88' lang='lat' dir='ltr'><strong>parituram.&#39;</strong></span> <span class='ocrx_word' id='word_1_222' title='bbox 1096 2234 1285 2296; x_wconf 90' lang='lat' dir='ltr'><strong>Arguta</strong></span> <span class='ocrx_word' id='word_1_223' title='bbox 1303 2231 1452 2281; x_wconf 88' lang='lat' dir='ltr'><strong>etiam</strong></span> <span class='ocrx_word' id='word_1_224' title='bbox 1471 2232 1762 2295; x_wconf 87' lang='lat' dir='ltr'><strong>significatio</strong></span> <span class='ocrx_word' id='word_1_225' title='bbox 1783 2243 1870 2295; x_wconf 90' lang='lat' dir='ltr'><strong>est,</strong></span> 
     </span>
     <span class='ocr_line' id='line_1_27' title="bbox 203 2313 1873 2378; baseline 0.004 -19"><span class='ocrx_word' id='word_1_226' title='bbox 203 2326 319 2359; x_wconf 89' lang='lat' dir='ltr'><strong>cum</strong></span> <span class='ocrx_word' id='word_1_227' title='bbox 343 2327 493 2375; x_wconf 90' lang='lat' dir='ltr'><strong>parva</strong></span> <span class='ocrx_word' id='word_1_228' title='bbox 515 2327 568 2361; x_wconf 91' lang='lat' dir='ltr'><strong>re</strong></span> <span class='ocrx_word' id='word_1_229' title='bbox 587 2320 636 2361; x_wconf 92' lang='lat' dir='ltr'><strong>et</strong></span> <span class='ocrx_word' id='word_1_230' title='bbox 660 2328 808 2376; x_wconf 89' lang='lat' dir='ltr'><strong>saepe</strong></span> <span class='ocrx_word' id='word_1_231' title='bbox 823 2313 976 2362; x_wconf 90' lang='lat' dir='ltr'><strong>verbo</strong></span> <span class='ocrx_word' id='word_1_232' title='bbox 992 2330 1068 2363; x_wconf 91' lang='lat' dir='ltr'><strong>res</strong></span> <span class='ocrx_word' id='word_1_233' title='bbox 1085 2314 1297 2363; x_wconf 90' lang='lat' dir='ltr'><strong>obscura</strong></span> <span class='ocrx_word' id='word_1_234' title='bbox 1312 2322 1362 2363; x_wconf 90' lang='lat' dir='ltr'><strong>et</strong></span> <span class='ocrx_word' id='word_1_235' title='bbox 1385 2315 1542 2364; x_wconf 91' lang='lat' dir='ltr'><strong>latens</strong></span> <span class='ocrx_word' id='word_1_236' title='bbox 1559 2313 1873 2378; x_wconf 87' lang='lat' dir='ltr'><strong>inlustratur;</strong></span> 
     </span>
     <span class='ocr_line' id='line_1_28' title="bbox 201 2394 1869 2459; baseline 0.003 -17"><span class='ocrx_word' id='word_1_237' title='bbox 201 2401 269 2454; x_wconf 91' lang='lat' dir='ltr'><strong>ut,</strong></span> <span class='ocrx_word' id='word_1_238' title='bbox 297 2409 413 2442; x_wconf 90' lang='lat' dir='ltr'><strong>cum</strong></span> <span class='ocrx_word' id='word_1_239' title='bbox 446 2394 503 2444; x_wconf 92' lang='lat' dir='ltr'><strong>C.</strong></span> <span class='ocrx_word' id='word_1_240' title='bbox 538 2394 766 2444; x_wconf 90' lang='lat' dir='ltr'><strong>Fabricio</strong></span> <span class='ocrx_word' id='word_1_241' title='bbox 798 2396 851 2444; x_wconf 91' lang='lat' dir='ltr'><strong>P.</strong></span> <span class='ocrx_word' id='word_1_242' title='bbox 889 2396 1166 2456; x_wconf 90' lang='lat' dir='ltr'><strong>Cornelius,</strong></span> <span class='ocrx_word' id='word_1_243' title='bbox 1201 2397 1371 2456; x_wconf 90' lang='lat' dir='ltr'><strong>hom0,</strong></span> <span class='ocrx_word' id='word_1_244' title='bbox 1403 2404 1458 2445; x_wconf 89' lang='lat' dir='ltr'><strong>ut</strong></span> <span class='ocrx_word' id='word_1_245' title='bbox 1486 2395 1869 2459; x_wconf 85' lang='lat' dir='ltr'><strong>existimabatur,</strong></span> 
     </span>
     <span class='ocr_line' id='line_1_29' title="bbox 199 2477 1871 2543; baseline 0.004 -20"><span class='ocrx_word' id='word_1_246' title='bbox 199 2491 374 2524; x_wconf 88' lang='lat' dir='ltr'><strong>avarus</strong></span> <span class='ocrx_word' id='word_1_247' title='bbox 398 2483 448 2525; x_wconf 90' lang='lat' dir='ltr'><strong>et</strong></span> <span class='ocrx_word' id='word_1_248' title='bbox 471 2477 622 2536; x_wconf 78' lang='lat' dir='ltr'><strong>furaX,</strong></span> <span class='ocrx_word' id='word_1_249' title='bbox 645 2477 734 2526; x_wconf 91' lang='lat' dir='ltr'><strong>sed</strong></span> <span class='ocrx_word' id='word_1_250' title='bbox 759 2477 949 2542; x_wconf 89' lang='lat' dir='ltr'><strong>egregie</strong></span> <span class='ocrx_word' id='word_1_251' title='bbox 973 2477 1110 2527; x_wconf 90' lang='lat' dir='ltr'><strong>fortis</strong></span> <span class='ocrx_word' id='word_1_252' title='bbox 1136 2486 1184 2527; x_wconf 90' lang='lat' dir='ltr'><strong>et</strong></span> <span class='ocrx_word' id='word_1_253' title='bbox 1210 2478 1372 2527; x_wconf 92' lang='lat' dir='ltr'><strong>bonus</strong></span> <span class='ocrx_word' id='word_1_254' title='bbox 1397 2477 1675 2542; x_wconf 89' lang='lat' dir='ltr'><strong>imperator,</strong></span> <span class='ocrx_word' id='word_1_255' title='bbox 1693 2480 1871 2543; x_wconf 89' lang='lat' dir='ltr'><strong>gratias</strong></span> 
     </span>
     <span class='ocr_line' id='line_1_30' title="bbox 197 2558 1870 2621; baseline 0.004 -16"><span class='ocrx_word' id='word_1_256' title='bbox 197 2564 376 2620; x_wconf 88' lang='lat' dir='ltr'><strong>ageret,</strong></span> <span class='ocrx_word' id='word_1_257' title='bbox 428 2558 566 2621; x_wconf 91' lang='lat' dir='ltr'><strong>quod</strong></span> <span class='ocrx_word' id='word_1_258' title='bbox 614 2573 667 2607; x_wconf 89' lang='lat' dir='ltr'><strong>se</strong></span> <span class='ocrx_word' id='word_1_259' title='bbox 714 2559 868 2608; x_wconf 91' lang='lat' dir='ltr'><strong>homo</strong></span> <span class='ocrx_word' id='word_1_260' title='bbox 909 2558 1139 2608; x_wconf 91' lang='lat' dir='ltr'><strong>inimicus</strong></span> <span class='ocrx_word' id='word_1_261' title='bbox 1187 2561 1444 2609; x_wconf 89' lang='lat' dir='ltr'><strong>consulem</strong></span> <span class='ocrx_word' id='word_1_262' title='bbox 1486 2559 1695 2621; x_wconf 89' lang='lat' dir='ltr'><strong>fecisset,</strong></span> <span class='ocrx_word' id='word_1_263' title='bbox 1736 2562 1870 2611; x_wconf 95' lang='lat' dir='ltr'><strong>bello</strong></span> 
     </span>
     <span class='ocr_line' id='line_1_31' title="bbox 126 2636 1869 2705; baseline 0.003 -20"><span class='ocrx_word' id='word_1_264' title='bbox 126 2654 179 2695; x_wconf 83' lang='lat'><strong>30</strong></span> <span class='ocrx_word' id='word_1_265' title='bbox 198 2636 485 2702; x_wconf 89' lang='lat' dir='ltr'><strong>praesertim</strong></span> <span class='ocrx_word' id='word_1_266' title='bbox 534 2655 716 2703; x_wconf 91' lang='lat' dir='ltr'><strong>magno</strong></span> <span class='ocrx_word' id='word_1_267' title='bbox 764 2648 813 2689; x_wconf 92' lang='lat' dir='ltr'><strong>et</strong></span> <span class='ocrx_word' id='word_1_268' title='bbox 852 2639 985 2702; x_wconf 88' lang='lat' dir='ltr'><strong>gravi</strong></span> <span class='ocrx_word' id='word_1_269' title='bbox 1031 2645 1042 2667; x_wconf 94' lang='lat'>‘</span> <span class='ocrx_word' id='word_1_270' title='bbox 1061 2639 1184 2690; x_wconf 91' lang='lat' dir='ltr'><strong>nihil</strong></span> <span class='ocrx_word' id='word_1_271' title='bbox 1223 2650 1311 2701; x_wconf 90' lang='lat' dir='ltr'><strong>est,</strong></span> <span class='ocrx_word' id='word_1_272' title='bbox 1352 2641 1490 2704; x_wconf 89' lang='lat' dir='ltr'><strong>quod</strong></span> <span class='ocrx_word' id='word_1_273' title='bbox 1529 2641 1651 2690; x_wconf 91' lang='lat' dir='ltr'><strong>mihi</strong></span> <span class='ocrx_word' id='word_1_274' title='bbox 1692 2642 1869 2705; x_wconf 89' lang='lat' dir='ltr'><strong>gratias</strong></span> 
     </span>
    </p>
   </div>
   <div class='ocr_carea' id='block_1_3' title="bbox 196 2766 1868 3085">
    <p class='ocr_par' dir='ltr' id='par_1_5' title="bbox 196 2766 1868 3085">
     <span class='ocr_line' id='line_1_32' title="bbox 253 2766 1868 2812; baseline 0.003 -5"><span class='ocrx_word' id='word_1_275' title='bbox 253 2766 308 2807; x_wconf 89' lang='lat' dir='ltr'><strong>M</strong></span> <span class='ocrx_word' id='word_1_276' title='bbox 325 2787 360 2802; x_wconf 91' lang='lat'>=</span> <span class='ocrx_word' id='word_1_277' title='bbox 382 2767 435 2807; x_wconf 93' lang='lat' dir='ltr'><em>H</em></span> <span class='ocrx_word' id='word_1_278' title='bbox 538 2782 564 2808; x_wconf 79' lang='lat'><em>2</em></span> <span class='ocrx_word' id='word_1_279' title='bbox 585 2768 823 2810; x_wconf 87' lang='lat' dir='ltr'><strong>collationis</strong></span> <span class='ocrx_word' id='word_1_280' title='bbox 843 2775 907 2810; x_wconf 89' lang='lat' dir='ltr'><strong>est</strong></span> <span class='ocrx_word' id='word_1_281' title='bbox 918 2769 1123 2810; x_wconf 75' lang='lat' dir='ltr'><strong>Fm’edn&#39;ch</strong></span> <span class='ocrx_word' id='word_1_282' title='bbox 1227 2770 1392 2811; x_wconf 91' lang='lat' dir='ltr'><strong>Gallius</strong></span> <span class='ocrx_word' id='word_1_283' title='bbox 1408 2771 1451 2811; x_wconf 91' lang='lat' dir='ltr'><em>F</em></span> <span class='ocrx_word' id='word_1_284' title='bbox 1448 2771 1611 2812; x_wconf 76' lang='lat' dir='ltr'><strong>n&#39;edn&#39;ch</strong></span> <span class='ocrx_word' id='word_1_285' title='bbox 1696 2773 1723 2811; x_wconf 90' lang='lat'>8</span> <span class='ocrx_word' id='word_1_286' title='bbox 1741 2785 1868 2812; x_wconf 87' lang='lat' dir='ltr'><strong>vena·</strong></span> 
     </span>
     <span class='ocr_line' id='line_1_33' title="bbox 198 2821 1868 2876; baseline 0.002 -14"><span class='ocrx_word' id='word_1_287' title='bbox 198 2821 303 2862; x_wconf 87' lang='lat' dir='ltr'><strong>lium</strong></span> <span class='ocrx_word' id='word_1_288' title='bbox 323 2829 370 2863; x_wconf 92' lang='lat' dir='ltr'><strong>ut</strong></span> <span class='ocrx_word' id='word_1_289' title='bbox 390 2823 567 2875; x_wconf 88' lang='lat' dir='ltr'><strong>quisque</strong></span> <span class='ocrx_word' id='word_1_290' title='bbox 588 2838 671 2864; x_wconf 91' lang='lat' dir='ltr'><strong>om.</strong></span> <span class='ocrx_word' id='word_1_291' title='bbox 698 2824 794 2863; x_wconf 89' lang='lat' dir='ltr'><strong>Hm</strong></span> <span class='ocrx_word' id='word_1_292' title='bbox 927 2837 977 2864; x_wconf 90' lang='lat'><strong>10</strong></span> <span class='ocrx_word' id='word_1_293' title='bbox 1007 2826 1216 2876; x_wconf 86' lang='lat' dir='ltr'><strong>imagines</strong></span> <span class='ocrx_word' id='word_1_294' title='bbox 1236 2826 1309 2866; x_wconf 84' lang='lat' dir='ltr'><strong>del.</strong></span> <span class='ocrx_word' id='word_1_295' title='bbox 1335 2825 1451 2866; x_wconf 87' lang='lat' dir='ltr'><strong>Bake</strong></span> <span class='ocrx_word' id='word_1_296' title='bbox 1591 2839 1636 2866; x_wconf 93' lang='lat'><strong>11</strong></span> <span class='ocrx_word' id='word_1_297' title='bbox 1669 2828 1868 2867; x_wconf 88' lang='lat' dir='ltr'><strong>dicuntur</strong></span> 
     </span>
     <span class='ocr_line' id='line_1_34' title="bbox 196 2876 1867 2932; baseline 0.004 -16"><span class='ocrx_word' id='word_1_298' title='bbox 196 2876 293 2918; x_wconf 87' lang='lat' dir='ltr'><strong>Hm</strong></span> <span class='ocrx_word' id='word_1_299' title='bbox 313 2876 428 2917; x_wconf 84' lang='lat' dir='ltr'><strong>Bake</strong></span> <span class='ocrx_word' id='word_1_300' title='bbox 607 2892 655 2919; x_wconf 90' lang='lat'><strong>12</strong></span> <span class='ocrx_word' id='word_1_301' title='bbox 686 2879 769 2917; x_wconf 89' lang='lat' dir='ltr'><strong>iam</strong></span> <span class='ocrx_word' id='word_1_302' title='bbox 790 2892 873 2919; x_wconf 90' lang='lat' dir='ltr'><strong>om.</strong></span> <span class='ocrx_word' id='word_1_303' title='bbox 900 2879 995 2919; x_wconf 90' lang='lat' dir='ltr'><strong>Hm</strong></span> <span class='ocrx_word' id='word_1_304' title='bbox 1164 2893 1211 2931; x_wconf 91' lang='lat'><strong>17</strong></span> <span class='ocrx_word' id='word_1_305' title='bbox 1245 2881 1374 2920; x_wconf 90' lang='lat' dir='ltr'><strong>tertio</strong></span> <span class='ocrx_word' id='word_1_306' title='bbox 1396 2881 1568 2932; x_wconf 87' lang='lat' dir='ltr'><strong>pauario</strong></span> <span class='ocrx_word' id='word_1_307' title='bbox 1587 2881 1707 2922; x_wconf 88' lang='lat' dir='ltr'><strong>Hm:</strong></span> <span class='ocrx_word' id='word_1_308' title='bbox 1739 2883 1867 2923; x_wconf 88' lang='lat' dir='ltr'><strong>tertio</strong></span> 
     </span>
     <span class='ocr_line' id='line_1_35' title="bbox 197 2932 1866 2985; baseline 0.003 -14"><span class='ocrx_word' id='word_1_309' title='bbox 197 2932 378 2983; x_wconf 85' lang='lat' dir='ltr'><strong>penario</strong></span> <span class='ocrx_word' id='word_1_310' title='bbox 397 2932 461 2973; x_wconf 89' lang='lat' dir='ltr'><strong>L:</strong></span> <span class='ocrx_word' id='word_1_311' title='bbox 493 2933 591 2973; x_wconf 87' lang='lat' dir='ltr'><strong>terti</strong></span> <span class='ocrx_word' id='word_1_312' title='bbox 626 2947 665 2985; x_wconf 87' lang='lat' dir='ltr'><strong>p.</strong></span> <span class='ocrx_word' id='word_1_313' title='bbox 697 2933 868 2973; x_wconf 79' lang='lat' dir='ltr'><strong>Pearce:</strong></span> <span class='ocrx_word' id='word_1_314' title='bbox 910 2948 1010 2975; x_wconf 86' lang='lat' dir='ltr'><strong>corr.</strong></span> <span class='ocrx_word' id='word_1_315' title='bbox 1041 2934 1219 2975; x_wconf 78' lang='lat' dir='ltr'><strong>Ursinus</strong></span> <span class='ocrx_word' id='word_1_316' title='bbox 1328 2935 1554 2975; x_wconf 88' lang='lat' dir='ltr'><strong>incidendo</strong></span> <span class='ocrx_word' id='word_1_317' title='bbox 1571 2936 1667 2976; x_wconf 90' lang='lat' dir='ltr'><strong>Hm</strong></span> <span class='ocrx_word' id='word_1_318' title='bbox 1778 2942 1866 2976; x_wconf 89' lang='lat' dir='ltr'><strong>tum</strong></span> 
     </span>
     <span class='ocr_line' id='line_1_36' title="bbox 197 2987 1867 3046; baseline 0.005 -19"><span class='ocrx_word' id='word_1_319' title='bbox 197 3000 283 3027; x_wconf 88' lang='lat' dir='ltr'><strong>om.</strong></span> <span class='ocrx_word' id='word_1_320' title='bbox 309 2987 405 3028; x_wconf 91' lang='lat' dir='ltr'><strong>Hm</strong></span> <span class='ocrx_word' id='word_1_321' title='bbox 570 3002 620 3029; x_wconf 86' lang='lat'><strong>21</strong></span> <span class='ocrx_word' id='word_1_322' title='bbox 654 2989 880 3030; x_wconf 87' lang='lat' dir='ltr'><strong>discedens</strong></span> <span class='ocrx_word' id='word_1_323' title='bbox 901 2989 938 3029; x_wconf 92' lang='lat' dir='ltr'><em>L</em></span> <span class='ocrx_word' id='word_1_324' title='bbox 960 3003 1050 3031; x_wconf 86' lang='lat' dir='ltr'><strong>recc.</strong></span> <span class='ocrx_word' id='word_1_325' title='bbox 1191 3002 1243 3030; x_wconf 77' lang='lat'><strong>22</strong></span> <span class='ocrx_word' id='word_1_326' title='bbox 1275 2988 1395 3030; x_wconf 85' lang='lat' dir='ltr'><strong>Fabii</strong></span> <span class='ocrx_word' id='word_1_327' title='bbox 1415 2990 1451 3029; x_wconf 91' lang='lat' dir='ltr'><em>L</em></span> <span class='ocrx_word' id='word_1_328' title='bbox 1475 3003 1485 3030; x_wconf 74' lang='lat' dir='ltr'><strong><em>z</em></strong></span> <span class='ocrx_word' id='word_1_329' title='bbox 1515 2990 1614 3031; x_wconf 88' lang='lat' dir='ltr'><strong>Fabi</strong></span> <span class='ocrx_word' id='word_1_330' title='bbox 1637 3007 1654 3031; x_wconf 91' lang='grc' dir='ltr'>ε</span> <span class='ocrx_word' id='word_1_331' title='bbox 1814 3009 1867 3046; x_wconf 88' lang='lat'><strong>29</strong></span> 
     </span>
     <span class='ocr_line' id='line_1_37' title="bbox 197 3042 546 3085; baseline 0.006 -3"><span class='ocrx_word' id='word_1_332' title='bbox 197 3042 327 3083; x_wconf 88' lang='lat' dir='ltr'><strong>homo</strong></span> <span class='ocrx_word' id='word_1_333' title='bbox 348 3056 429 3085; x_wconf 89' lang='lat' dir='ltr'><strong>om.</strong></span> <span class='ocrx_word' id='word_1_334' title='bbox 452 3042 546 3084; x_wconf 88' lang='lat' dir='ltr'><strong>Hm</strong></span> 
     </span>
    </p>
   </div>
   <div class='ocr_carea' id='block_1_4' title="bbox 1908 141 2080 202">
    <p class='ocr_par' dir='ltr' id='par_1_6' title="bbox 1908 141 2080 202">
     <span class='ocr_line' id='line_1_38' title="bbox 1908 141 2080 202; baseline -0.012 -11"><span class='ocrx_word' id='word_1_335' title='bbox 1908 141 1984 191; x_wconf 84' lang='lat'><strong>66</strong></span> <span class='ocrx_word' id='word_1_336' title='bbox 2005 147 2080 202; x_wconf 69' lang='lat'><strong>265</strong></span> 
     </span>
    </p>
   </div>
   <div class='ocr_carea' id='block_1_5' title="bbox 1914 930 1994 972">
    <p class='ocr_par' dir='ltr' id='par_1_7' title="bbox 1914 930 1994 972">
     <span class='ocr_line' id='line_1_39' title="bbox 1914 930 1994 972; baseline 0 -1"><span class='ocrx_word' id='word_1_337' title='bbox 1914 930 1994 972; x_wconf 89' lang='lat'><strong>266</strong></span> 
     </span>
    </p>
   </div>
   <div class='ocr_carea' id='block_1_6' title="bbox 1907 1667 1986 1723">
    <p class='ocr_par' dir='ltr' id='par_1_8' title="bbox 1907 1667 1986 1723">
     <span class='ocr_line' id='line_1_40' title="bbox 1907 1667 1986 1723; baseline 0.013 -15"><span class='ocrx_word' id='word_1_338' title='bbox 1907 1667 1986 1723; x_wconf 80' lang='lat'><strong>267</strong></span> 
     </span>
    </p>
   </div>
   <div class='ocr_carea' id='block_1_7' title="bbox 1900 2245 1976 2286">
    <p class='ocr_par' dir='ltr' id='par_1_9' title="bbox 1900 2245 1976 2286">
     <span class='ocr_line' id='line_1_41' title="bbox 1900 2245 1976 2286; baseline 0.013 -1"><span class='ocrx_word' id='word_1_339' title='bbox 1900 2245 1976 2286; x_wconf 86' lang='lat'><strong>268</strong></span> 
     </span>
    </p>
   </div>
  </div>
 </body>
</html>
