2150 3444
78 148 143 198 54
167 152 243 198 217

167 690 243 730 218

164 1189 241 1230 219

163 1758 241 1786 220

164 2489 236 2518 221

728 140 799 188 M.
837 139 1049 188 TVLLI
1087 139 1469 190 CICERONIS

268 276 405 336 culiS,
431 294 534 326 non
558 279 745 326 nullam
770 276 822 326 in
847 293 985 341 spem
1011 293 1241 326 veneram
1270 293 1416 340 posse
1449 293 1530 326 me
1555 294 1614 326 ex
1637 276 1707 327 eis
1735 275 1925 340 aliquid

268 356 456 407 discere
472 375 486 419 3
521 357 687 407 inveni
722 366 888 407 autem
923 357 1130 407 ridicula
1165 367 1214 407 et
1250 359 1376 406 salsa
1411 359 1562 406 multa
1590 359 1892 407 Graecorum
1910 372 1927 418 3

267 455 384 487 nam
410 447 459 488 et
482 438 633 489 Siculi
658 439 709 488 in
733 456 794 489 eo
823 456 1001 503 genere
1034 448 1083 488 et
1108 438 1296 488 Rhodii
1329 447 1379 488 et
1403 437 1624 502 Byzantii
1656 447 1706 488 et
1735 446 1926 503 praeter

268 529 456 569 ceteros
481 520 632 570 Attici
658 523 902 570 excellunt
918 538 932 582 3
968 521 1056 569 sed
1076 520 1160 584 qui
1187 519 1291 569 eius
1315 519 1385 569 rei
1408 519 1649 569 rationem
1673 520 1925 584 quandam

268 601 434 651 conati
458 610 572 651 sunt
595 612 849 666 artemque
874 603 1076 661 tradere,
1106 601 1176 651 sic
1201 600 1373 650 insulsi
1397 601 1703 662 exstiterunt,
1724 609 1780 650 ut
1803 598 1927 649 nihil
1948 614 1972 658 5

267 682 402 732 aliud
427 700 596 732 eorum
633 683 726 733 nisi
759 683 866 748 ipsa
896 682 1144 733 insulsitas
1176 683 1392 733 rideatur
1408 701 1423 745 ,-
1457 700 1557 747 qua
1587 699 1638 732 re
1670 680 1792 731 mihi
1823 680 1928 745 qui-

269 764 385 812 dem
432 767 569 814 nullo
616 767 769 815 modo
815 763 1009 814 videtur
1056 763 1283 814 doctrina
1329 763 1422 814 ista
1469 780 1544 813 res
1591 779 1737 827 posse
1783 760 1922 811 tradi.

269 844 468 893 Etenim
501 862 615 894 cum
648 847 750 895 duo
782 862 962 909 genera
997 845 1095 894 sint
1129 844 1428 905 facetiarum,
1456 848 1663 894 alterum
1697 841 1927 908 aequabi-

266 925 373 975 liter
405 926 456 975 in
489 927 626 976 omni
656 943 883 976 sermone
915 928 1094 987 fusum,
1121 928 1329 976 alterum
1361 935 1648 991 peracutum
1681 933 1731 974 et
1760 925 1922 985 breve,

266 1005 348 1055 illa
371 1023 401 1055 a
423 1006 668 1057 veteribus
697 1007 919 1071 superior
950 1007 1208 1067 cavillatio,
1237 1009 1361 1056 haec
1392 1009 1545 1056 altera
1575 1005 1808 1055 dicacitas
1840 1021 1926 1055 no·
1951 1020 2002 1050 10

267 1086 451 1135 minata
475 1096 560 1136 est.
623 1090 757 1137 Leve
782 1104 968 1136 nomen
993 1087 1146 1136 habet
1169 1095 1377 1150 utraque
1400 1103 1488 1136 res.
1552 1085 1782 1150 Quippe3
1818 1087 1925 1136 leve
1964 1142 1968 1144 Ἴ

267 1167 398 1217 enim
424 1176 497 1217 est
521 1176 681 1217 toturn
706 1169 803 1218 hoc
835 1168 987 1217 risum
1020 1185 1233 1218 movere.
1285 1170 1473 1216 Verum
1492 1175 1671 1226 tamen,
1698 1174 1753 1215 ut
1783 1165 1922 1227 dicis,

266 1249 467 1310 Antoni,
496 1252 706 1299 multum
731 1250 783 1299 in
807 1251 968 1300 causis
1000 1267 1237 1315 persaepe
1265 1252 1432 1314 lepore
1461 1258 1510 1299 et
1539 1248 1725 1299 facetiis
1753 1246 1926 1313 profici

265 1330 377 1380 vidi.
451 1332 550 1381 Sed
575 1347 690 1380 curn
714 1331 799 1381 illo
829 1332 881 1380 in
909 1349 1088 1396 genere
1117 1340 1384 1397 perpetuae
1416 1329 1688 1380 festivitatis
1716 1344 1793 1378 ars
1821 1345 1924 1378 non

265 1411 567 1462 desideretur
594 1413 788 1478 (natura
817 1414 950 1464 enim
983 1413 1123 1478 fingit
1151 1413 1381 1464 homines
1409 1422 1458 1463 et
1493 1421 1624 1462 creat
1654 1411 1924 1464 imitatores
1948 1426 1998 1472 15

266 1502 315 1543 et
356 1502 625 1544 narratores
667 1497 854 1545 facetos
895 1495 1161 1545 adiuvante
1202 1504 1252 1544 et
1292 1496 1431 1544 vultu
1474 1503 1523 1544 et
1563 1509 1687 1544 voce
1725 1501 1774 1543 et
1814 1492 1925 1557 ipso

264 1592 442 1639 genere
480 1575 742 1641 sermonis)
779 1586 885 1626 tum
920 1594 1038 1627 vero
1076 1577 1128 1626 in
1166 1578 1264 1626 hoc
1304 1578 1458 1625 altero
1495 1573 1767 1625 dicacitatis
1802 1573 1925 1638 quid

266 1658 416 1706 habet
439 1675 514 1707 ars
539 1657 648 1717 loci,
669 1675 784 1707 cum
802 1668 918 1708 ante
937 1658 1060 1708 illud
1079 1661 1238 1708 facete
1257 1657 1447 1708 dictum
1466 1656 1701 1708 emissum
1724 1657 1924 1706 haerere

264 1740 456 1799 debeat,
493 1756 643 1803 quam
679 1737 881 1803 cogitari
917 1739 1138 1804 potuisse
1171 1739 1432 1790 videatur?
1501 1738 1638 1802 Quid
1673 1737 1806 1788 enim
1840 1736 1923 1787 hic

267 1837 405 1869 meus
440 1822 584 1869 frater
619 1821 682 1870 ab
718 1830 820 1870 arte
855 1821 1075 1871 adiuvari
1111 1820 1285 1886 potuit,
1316 1838 1431 1870 cum
1461 1837 1491 1870 a
1514 1819 1745 1884 Philippo
1779 1819 1922 1868 inter·
1946 1834 1999 1864 20

265 1909 460 1964 rogatus
486 1900 606 1964 quid
639 1903 846 1962 latraret,
874 1904 1032 1951 furem
1069 1919 1121 1952 se
1146 1901 1313 1951 videre
1342 1901 1634 1966 respondit?
1703 1900 1840 1963 Quid
1870 1901 1921 1950 in

266 1981 402 2030 omni
438 1981 658 2031 oratione
692 1984 897 2033 Crassus
930 1986 1006 2032 vel
1041 1985 1176 2048 apud
1207 1993 1407 2034 centum
1436 1982 1564 2033 viros
1588 1992 1760 2033 contra
1782 1985 1924 2033 Scae-

265 2064 428 2112 volam
452 2064 529 2112 vel
554 2071 725 2112 contra
748 2073 1085 2114 accusatorem
1112 2068 1332 2125 Brutum,
1353 2082 1467 2114 cum
1491 2082 1581 2129 pro
1606 2066 1697 2115 Cn.
1718 2064 1923 2115 Plancio

266 2143 487 2192 diceret?
555 2146 687 2193 Nam
712 2144 777 2205 id,
806 2147 942 2209 quod
968 2155 1021 2195 tu
1047 2146 1169 2195 mihi
1193 2146 1380 2207 tribuis,
1407 2146 1610 2206 Antoni,
1639 2148 1817 2197 Crasso
1846 2154 1921 2195 est

265 2224 488 2273 omnium
514 2225 757 2274 sententia
781 2228 1192 2289 concedendum3
1229 2245 1331 2278 non
1365 2227 1497 2277 enim
1530 2229 1630 2276 fere
1658 2226 1919 2290 quisquam
1943 2237 1993 2281 25
2072 2291 2075 2295 Δ

264 2305 528 2369 reperietur
551 2314 740 2370 praeter
764 2308 898 2356 hunc
922 2307 974 2356 in
999 2317 1210 2372 utroque
1232 2325 1411 2373 genere
1443 2307 1620 2372 leporis
1646 2306 1888 2357 excellens
1908 2325 1920 2356 ε

264 2396 314 2437 et
337 2387 433 2448 i110‚
463 2387 599 2451 quod
625 2387 676 2436 in
701 2388 1026 2452 perpetuitate
1060 2389 1319 2450 sermoniS,
1342 2398 1391 2439 et
1423 2391 1532 2449 hoe,
1564 2390 1700 2453 quod
1724 2388 1775 2437 in
1799 2390 1923 2438 cele-

264 2469 403 2518 ritate
427 2477 575 2532 atque
594 2469 729 2519 dicto
749 2479 834 2519 est.
898 2472 1029 2520 Nam
1048 2472 1172 2521 haec
1190 2480 1429 2535 perpetua
1446 2479 1617 2520 contra
1635 2471 1920 2521 Scaevolam

265 2550 479 2602 Curiana
504 2550 728 2603 defensio
754 2560 858 2602 tota
881 2553 1176 2605 redundavit
1199 2552 1442 2606 hilaritate
1465 2554 1681 2617 quadarn
1706 2560 1755 2607 et
1778 2550 1920 2610 ioQ03

318 2677 370 2718 M
387 2699 422 2713 =
443 2679 580 2719 ΑΕΗ
711 2693 736 2730 5
766 2686 899 2721 artem
921 2711 930 2722 .
951 2711 961 2722 .
985 2710 995 2721 .
1019 2682 1275 2721 exstiterunt
1295 2694 1377 2721 om.
1394 2679 1448 2719 M
1557 2693 1606 2720 12
1627 2685 1760 2720 totum
1774 2692 1858 2719 om.
1871 2675 1925 2717 M

263 2733 354 2785 (xiv
374 2734 446 2775 litt.
470 2742 532 2787 sp.
558 2748 642 2775 vac.
667 2735 735 2785 H)
878 2736 939 2776 rei
959 2749 1122 2776 summo
1154 2749 1255 2775 vere
1270 2735 1323 2774 M
1505 2748 1552 2784 14
1583 2734 1656 2774 illo
1677 2735 1720 2773 in
1742 2747 1786 2772 m
1806 2748 1816 2773 ε
1835 2731 1909 2772 illo

262 2789 399 2839 AE¹7
418 2802 469 2838 32
487 2804 494 2829 :
526 2789 569 2828 in
590 2789 662 2829 illo
682 2789 768 2829 HE
777 2789 832 2828 2L
993 2791 1042 2828 16
1071 2796 1114 2829 et
1134 2795 1377 2829 narratores
1396 2802 1480 2829 om.
1506 2788 1559 2827 M
1663 2788 1823 2828 facetus
1842 2785 1918 2825 M:

263 2842 508 2883 facetiarum
533 2857 575 2882 m
732 2857 784 2893 23
814 2846 892 2884 Cn.
914 2843 1089 2884 Plancio
1109 2845 1296 2885 diceret?
1338 2843 1447 2883 Nam
1467 2857 1550 2883 om.
1575 2841 1629 2880 M
1644 2842 1725 2893 (xx
1729 2842 1819 2893 fere
1837 2841 1911 2880 litt.

262 2903 323 2948 sp.
348 2910 433 2936 vac.
459 2898 526 2947 H)
665 2899 719 2937 26
748 2904 919 2949 praeter
938 2911 1022 2939 om.
1048 2897 1102 2936 M
1207 2911 1258 2947 27
1289 2898 1400 2948 quod
1420 2910 1463 2936 e:
1492 2895 1566 2947 qui
1591 2896 1704 2935 codd.
1803 2894 1917 2945 quod

264 2964 332 2992 m:
364 2951 435 3001 qui
455 2951 566 2992 codd.
648 3005 697 3043 M
758 2954 810 2992 28
839 2958 988 2992 contra
1007 2952 1136 2992 E2L:
1166 2953 1209 2991 in
1229 2953 1291 2991 le:
1322 2965 1405 2991 om.
1431 2949 1486 2988 M
1658 2962 1711 3001 29
1739 2949 1917 3001 quadam

263 3033 274 3046 .
300 3035 309 3045 .
337 3036 346 3046 .
372 3006 519 3045 brevia
539 3019 622 3045 om,
