2150 3444
759 146 854 194 DE
891 145 1234 195 ORATORE
1306 146 1361 193 II
1920 149 1990 198 86
2007 155 2083 209 351

225 282 382 336 artem
405 285 555 349 quam
580 283 848 335 memoriae
872 284 1041 334 malim
1060 302 1074 345 ;
1122 283 1428 348 gratiamque
1465 285 1628 335 habeo
1653 285 1897 335 Simonidi

225 365 297 416 illi
333 366 443 427 Cio,
481 383 631 430 quem
667 366 883 430 primum
918 367 1081 415 ferunt
1115 374 1271 415 artem
1314 365 1583 416 memoriae
1620 367 1893 430 protulisse.

226 446 416 497 Dicunt
441 447 589 508 enim,
607 463 722 497 cum
747 455 944 496 cenaret
964 447 1233 497 Crannone
1257 445 1309 494 in
1334 445 1593 495 Thessalia
1617 446 1898 497 Simonides
1923 462 1997 514 352

223 529 360 591 apud
395 529 610 592 Scopam
646 529 952 578 fortunatum
987 526 1244 576 hominem
1281 536 1330 576 et
1365 527 1587 577 nobilem
1623 528 1901 578 cecinisset-

176 627 202 670 5
226 626 324 674 que
370 610 423 660 id
469 626 683 669 carmen,
733 611 873 672 quod
920 608 971 657 in
1019 626 1135 657 eum
1184 607 1470 672 scripsisset,
1512 609 1564 657 in
1606 626 1707 673 quo
1746 611 1902 659 multa

225 690 436 741 ornandi
461 706 610 740 causa
634 698 893 754 poetarum
919 705 1057 738 more
1081 689 1132 737 in
1169 690 1429 740 Castorem
1461 689 1642 754 scripta
1667 699 1714 739 et
1741 693 1903 741 Pollu-

224 788 334 822 cem
375 770 594 830 fuissent,
636 770 784 819 nimis
821 769 961 818 illum
1004 768 1203 819 sordide
1242 769 1487 820 Simonidi
1529 770 1709 820 dixisse
1745 788 1797 821 se
1833 772 1902 821 di·

223 852 433 903 midium
457 851 563 902 eius
587 851 647 913 ei,
665 853 804 916 quod
828 860 1002 915 pactus
1028 859 1171 911 esset,
1189 868 1279 915 pro
1294 851 1380 901 illo
1405 852 1623 902 carmine
1639 854 1867 902 daturum
1887 872 1901 914 3

221 939 467 1004 reliquum
501 956 532 988 a
567 938 668 989 suis
704 938 1016 1002 Tyndaridis,
1045 954 1172 1002 quos
1208 954 1368 1002 aeque
1400 940 1662 1000 laudasset,
1694 950 1893 1004 peteret,

150 1035 201 1066 10
222 1021 264 1071 si
286 1020 334 1071 ei
356 1021 615 1071 videretur.
689 1022 846 1070 Paulo
871 1029 984 1084 post
1009 1036 1116 1070 esse
1141 1022 1303 1069 ferunt
1327 1020 1609 1070 nuntiatum
1636 1021 1893 1083 Simonidi,
1918 1033 1999 1075 353

221 1110 278 1152 ut
299 1102 518 1167 prodiret
537 1120 550 1164 3
585 1101 776 1151 iuvenis
796 1110 924 1151 stare
947 1103 1012 1151 ad
1031 1102 1232 1151 ianuam
1257 1103 1359 1151 duo
1384 1104 1643 1166 quosdam,
1672 1103 1757 1167 qui
1782 1121 1897 1153 eum

221 1199 405 1248 magno
439 1199 590 1248 opere
625 1191 889 1232 evocarent
905 1201 919 1244 3
970 1182 1234 1232 surrexisse
1262 1182 1416 1243 illum,
1453 1183 1688 1247 prodisse,
1716 1184 1900 1234 vidisse

222 1263 505 1314 neminem:
553 1265 650 1314 hoc
674 1263 871 1313 interim
897 1263 1057 1327 spatio
1082 1265 1320 1313 conclave
1345 1263 1482 1325 illud,
1510 1264 1596 1314 ubi
1621 1267 1900 1329 epularetur

222 1345 424 1409 ScopaS,
451 1344 732 1395 concidisse
749 1363 763 1406 3
798 1361 857 1394 ea
881 1345 1023 1394 ruina
1041 1344 1204 1409 ipsum
1230 1361 1345 1394 cum
1365 1345 1587 1410 cognatis
1607 1362 1899 1410 oppressum

149 1442 197 1484 15
220 1424 322 1476 suis
345 1424 599 1476 interisse:
650 1442 777 1490 quos
802 1442 917 1475 cum
954 1427 1160 1476 humare
1184 1427 1367 1475 vellent
1400 1426 1475 1475 sui
1508 1443 1672 1491 neque
1694 1437 1899 1492 possent

221 1504 431 1556 obtritos
467 1505 803 1556 internoscere
839 1508 942 1555 ullo
978 1507 1151 1567 mod0,
1188 1506 1472 1556 Simonides
1510 1507 1690 1557 dicitur
1725 1525 1785 1557 ex
1820 1525 1895 1568 e0,

220 1587 360 1652 quod
397 1587 705 1638 meminisset
744 1603 847 1651 quo
885 1603 1057 1637 eorum
1097 1589 1211 1637 loco
1253 1587 1466 1652 quisque
1508 1589 1775 1649 cubuisset,
1816 1591 1898 1639 de-

220 1677 520 1719 monstrator
559 1669 707 1718 unius
748 1668 990 1733 cuiusque
1028 1668 1302 1733 sepeliendi
1337 1669 1521 1732 fuisse,
1575 1672 1667 1719 hae
1703 1679 1810 1719 tum
1844 1687 1896 1720 re

219 1749 508 1800 admonitus
566 1749 813 1800 invenisse
865 1751 1016 1800 fertur
1067 1750 1295 1800 ordinem
1355 1767 1463 1800 esse
1521 1751 1748 1812 maxime,
1810 1751 1896 1815 qui

147 1849 201 1879 ιο
221 1831 490 1880 memoriae
530 1832 701 1880 lumen
747 1832 971 1881 adferret.
1047 1833 1225 1895 Itaque
1266 1830 1350 1892 eiS,
1396 1831 1481 1896 qui
1527 1833 1658 1882 hanc
1703 1841 1894 1897 partem
1918 1848 2000 1890 354

219 1910 388 1976 ingeni
411 1920 707 1974 exercerent,
733 1913 873 1962 locos
904 1928 1012 1961 esse
1036 1911 1307 1976 capiendos
1333 1920 1382 1962 et
1406 1929 1476 1972 ea,
1505 1930 1633 1977 quae
1657 1913 1897 1963 memoria

219 1999 388 2042 tenere
427 1993 611 2043 vellent
658 1993 938 2057 effingenda
977 1991 1147 2042 animo
1184 2001 1335 2057 atque
1373 1992 1425 2042 in
1464 1993 1533 2043 eis
1571 1994 1693 2044 locis
1731 1995 1898 2043 conlo-

219 2074 414 2135 canda3
467 2073 537 2124 sic
571 2075 690 2136 fore,
731 2083 787 2124 ut
822 2073 1049 2124 ordinem
1084 2090 1247 2123 rerum
1283 2075 1509 2124 locorum
1545 2077 1669 2125 ordo
1705 2091 1898 2125 conser-

219 2162 369 2216 varet,
395 2170 472 2204 res
495 2163 664 2205 autem
693 2154 826 2220 ipsas
858 2172 1022 2205 rerum
1059 2155 1243 2219 effigies
1280 2164 1474 2205 notaret
1508 2164 1659 2220 atque
1694 2165 1749 2205 ut
1772 2155 1895 2205 locis
1916 2195 1947 2244 8

145 2250 196 2294 ²5
221 2249 313 2298 pro
349 2251 474 2296 cera,
513 2235 787 2287 simulacris
822 2253 913 2301 pro
948 2235 1120 2286 litteris
1155 2245 1417 2286 uteremur.
1492 2237 1595 2299 Qui
1631 2236 1692 2286 sit
1726 2245 1892 2286 autem

220 2315 403 2366 oratori
435 2317 706 2368 memoriae
741 2319 941 2379 fructuS,
970 2326 1157 2382 quanta
1193 2317 1391 2378 utilitas,
1427 2327 1613 2382 quanta
1646 2317 1733 2378 viS,
1772 2317 1894 2381 quid

220 2412 302 2447 me
347 2396 524 2448 attinet
569 2397 771 2449 dicere?
829 2407 1010 2459 tenere,
1053 2415 1182 2462 quae
1228 2398 1460 2449 didiceris
1506 2399 1558 2448 in
1605 2398 1895 2463 accipienda

220 2493 381 2538 causa,
431 2495 561 2543 quae
607 2479 715 2544 ipse
761 2479 1030 2544 cogitaris?
1087 2479 1251 2529 omnis
1305 2481 1425 2530 fixas
1472 2496 1581 2530 esse
1627 2479 1680 2529 in
1725 2480 1894 2531 animo

218 2558 527 2609 sententias?
584 2575 788 2610 omnem
813 2559 1115 2624 descriptum
1147 2560 1411 2610 verborum
1442 2563 1770 2625 apparatum?
1826 2561 1894 2612 ita

144 2659 198 2700 30
219 2638 391 2690 audire
414 2641 493 2690 vel
517 2656 647 2701 eum,
674 2642 810 2691 unde
834 2640 1010 2701 dis<:aS,
1028 2642 1107 2690 vel
1132 2657 1262 2702 eum,
1284 2640 1365 2691 eui
1390 2642 1795 2706 respondendum
1815 2641 1889 2702 sit,

220 2727 276 2769 ut
299 2719 369 2769 illi
392 2734 496 2770 non
524 2719 787 2771 infundere
819 2720 872 2770 in
905 2721 1035 2770 auris
1066 2730 1174 2770 tuas
1205 2722 1494 2783 orationem,
1535 2724 1624 2773 sed
1650 2722 1700 2771 in
1723 2722 1893 2772 animo

1917 2282 1998 2324 355

275 2846 331 2886 Μ
347 2867 382 2882 --
402 2847 541 2889 ΑΕΗ
707 2861 725 2889 1
758 2850 987 2890 memoriae
1008 2863 1092 2891 om.
1121 2849 1196 2889 M:
1230 2851 1541 2891 recordationis
1559 2865 1581 2891 e
1758 2866 1782 2892 2
1812 2852 1892 2892 Cio

227 2900 449 2944 Vt'cton'us:
481 2903 591 2943 Chio
611 2903 724 2944 codd.
842 2917 887 2944 11
920 2905 1029 2945 duos
1043 2903 1127 2944 mL
1245 2918 1293 2955 14
1323 2918 1467 2946 carum
1483 2906 1622 2956 ipsum
1639 2905 1692 2945 M
1797 2919 1893 2947 cum

221 2957 312 2996 suis
330 2955 367 2995 L
533 2971 585 3007 24
615 2958 754 3009 effigie
774 2956 829 2996 M
985 2969 1037 3009 31
1070 2957 1139 2998 vel
1159 2958 1219 2999 illi
1239 2958 1296 2998 M
