2150 3444
124 155 193 218 56
214 150 293 216 536
775 147 846 202 M.
885 154 1096 202 TVLLI
1135 153 1517 203 CICERONIS

310 292 514 356 quidem
561 292 765 342 facetius
813 292 1002 342 dictum
1043 291 1303 352 videretur,
1346 294 1484 356 quod
1530 309 1632 342 non
1672 295 1965 357 provocatus

309 373 616 437 responderit
633 392 647 435 3
696 382 797 423 erat
831 382 998 422 autem
1037 381 1173 423 tanta
1209 373 1261 421 in
1304 372 1528 423 Domitio
1567 372 1789 437 gravitas,
1829 382 1966 424 tanta

223 493 285 543 57
306 454 584 514 auctoritas,
624 462 692 514 ut,
733 455 870 518 quod
919 462 1047 503 esset
1088 455 1153 503 ab
1194 470 1255 503 eo
1292 453 1558 514 obiectum,
1599 456 1764 519 lepore
1808 454 1964 519 magis

205 570 280 607 231
307 537 572 586 levandum
605 553 755 600 quam
786 536 1105 586 contentione
1137 537 1462 599 frangendum
1487 536 1761 586 videretur!
1829 539 1962 586 Tum

307 616 551 681 Sulpicius
591 617 739 681 ‘quid
774 617 954 681 igitur?
1026 617 1300 666 Patiemur’
1335 617 1497 681 inquit
1535 619 1840 678 ‘Caesarem,
1877 615 1963 681 qui
1986 630 2010 672 5

306 715 608 762 quamquam
634 697 746 765 [M.]
774 700 954 749 Crasso
978 698 1178 748 facetias
1201 698 1445 768 concedit,
1464 707 1631 748 tamen
1649 699 1807 748 multo
1825 697 1876 747 in
1901 715 1962 748 eo

306 779 471 829 studio
496 779 649 844 magis
674 779 779 844 ipse
803 781 1036 842 elaborat,
1063 797 1166 830 non
1191 779 1431 843 explicare
1455 778 1600 829 nobis
1623 787 1783 828 totum
1806 783 1962 843 genus

306 860 402 909 hoc
443 859 640 910 iocandi
681 863 826 924 quale
863 861 926 909 sit
963 869 1012 910 et
1052 863 1187 910 unde
1228 863 1466 922 ducatur3
1515 858 1800 925 praesertim
1845 876 1960 910 cum

306 949 494 989 tantam
518 940 617 989 vim
635 940 691 990 'et
714 940 975 990 utilitatem
1007 940 1121 990 salis
1150 951 1201 990 et
1230 940 1519 991 urbanitatis
1551 957 1660 990 esse
1689 942 1960 991 fateatur?’

305 1023 320 1047 ‘
337 1020 491 1082 Quid,
515 1020 582 1069 si'
617 1021 776 1084 inquit
806 1021 961 1070 Iulius
996 1022 1273 1071 ‘adsentior
1303 1021 1526 1071 Antonio
1555 1020 1741 1071 dicenti
1772 1023 1959 1071 nullam
1984 1038 2036 1070 10

203 1119 278 1158 232
304 1117 412 1150 esse
446 1110 601 1150 artem
637 1100 816 1150 salis?’
888 1101 991 1150 Hic
1030 1118 1147 1150 cum
1182 1101 1427 1165 Sulpicius
1465 1101 1751 1162 reticuisset,
1792 1100 1959 1165 ‘quasi

302 1183 445 1230 vero'
473 1180 633 1245 inquit
658 1183 864 1232 Crassus
899 1183 1105 1230 ‘horum
1137 1181 1374 1245 ipsorum,
1397 1183 1463 1230 de
1498 1181 1680 1244 quibus
1709 1181 1960 1232 Antonius

301 1259 400 1310 iam
437 1260 523 1310 diu
558 1261 892 1325 loquitur,‘ars
927 1264 1028 1310 ulla
1062 1262 1152 1311 sit:
1195 1260 1474 1311 observatio
1509 1263 1756 1326 quaedam
1791 1270 1882 1324 est,
1902 1270 1960 1311 ut

301 1341 408 1406 ipse
443 1341 578 1402 dixit,
605 1350 773 1391 earum
808 1359 983 1404 rerum,
1012 1360 1140 1407 quae
1174 1342 1227 1391 in
1262 1342 1479 1393 dicendo
1514 1344 1711 1404 valent;
1753 1359 1881 1406 quae
1917 1341 1958 1392 si

301 1422 577 1486 eloquentis
615 1424 774 1473 facere
811 1432 992 1487 posset,
1030 1423 1141 1487 quis
1179 1432 1307 1473 esset
1344 1440 1447 1473 non
1487 1424 1763 1487 eloquens?
1832 1421 1958 1485 Quis
1984 1443 2032 1486 15

300 1502 434 1552 enim
471 1505 609 1552 haec¹
632 1520 735 1552 non
774 1505 852 1552 vel
894 1503 1036 1553 facile
1077 1505 1155 1553 vel
1202 1513 1333 1553 certe
1378 1503 1546 1567 aliquo
1592 1505 1745 1554 modo
1790 1513 1959 1568 posset

299 1583 558 1633 ediscere?
612 1577 725 1633 ‘Sed
767 1600 861 1647 ego
900 1584 951 1632 in
993 1585 1069 1633 his
1117 1584 1391 1648 praeceptis
1432 1585 1563 1633 hanc
1600 1583 1702 1635 vim
1741 1592 1798 1634 et.
1827 1586 1958 1636 hanc

294 1664 561 1714 utilitatem
594 1682 701 1714 esse
729 1665 952 1727 arbitror,
975 1682 1079 1715 non
1108 1673 1163 1714 ut
1193 1667 1259 1716 ad
1287 1664 1631 1730 reperiendum
1660 1666 1796 1729 quod
1827 1665 1958 1716 dica&-

292 1752 426 1806 mus,
463 1754 566 1794 arte
603 1747 843 1795 ducamur
880 1748 969 1796 sed
1007 1755 1061 1795 ut
1102 1763 1174 1807 ea,
1213 1763 1342 1810 quae
1381 1755 1571 1808 natura,
1605 1762 1738 1810 quae*
1773 1746 1955 1810 studio,

297 1842 425 1889 quae
457 1825 802 1875 exercitatione
836 1827 1200 1890 consequimur,
1226 1836 1312 1876 aut
1343 1836 1475 1876 recta
1506 1829 1614 1877 esse
1644 1828 1953 1878 confidamus
1978 1845 2028 1877 20

295 1915 381 1956 aut
404 1923 551 1971 prava
575 1906 932 1970 intellegamus,
957 1925 1071 1957 cum
1097 1925 1198 1971 quo
1221 1909 1476 1957 referenda
1499 1907 1596 1957 sint
1619 1907 1951 1958 didicerimus.

192 2002 270 2042 233
295 1989 411 2049 Qua
435 2004 499 2049 re,
520 1988 713 2048 Caesar,
737 2004 831 2051 ego
855 2005 1056 2051 quoque
1080 1990 1178 2038 hoc
1201 2005 1231 2037 a
1255 1997 1304 2037 te
1327 1997 1458 2052 peto,
1479 1996 1550 2049 ut,
1566 1987 1608 2037 si
1630 1987 1720 2038 tibi
1742 1987 1952 2051 videtur,

292 2067 514 2132 disputes
550 2069 614 2117 de
649 2069 747 2119 hoc
784 2077 891 2118 toto
929 2068 1127 2119 iocandi
1164 2085 1342 2133 genere
1377 2068 1498 2133 quid
1533 2068 1726 2130 sentiaS,
1751 2084 1818 2120 ne
1851 2086 1952 2134 qua

293 2150 417 2198 forte
453 2148 652 2198 dicendi
688 2149 1077 2213 parS,'quoniam
1113 2149 1181 2199 ita
1215 2149 1449 2210 voluistis,
1475 2149 1527 2198 in
1555 2151 1652 2199 hoc
1684 2149 1767 2199 tali
1801 2159 1948 2201 coetu

292 2238 440 2293 atque
481 2228 532 2278 in
574 2238 675 2278 tam
717 2240 948 2280 accurato
990 2247 1218 2281 sermone
1258 2230 1516 2294 praeterita
1551 2247 1660 2281 esse
1695 2230 1946 2281 videatur!
1971 2249 2020 2292 25

293 2313 424 2374 ‘Ego
439 2312 585 2371 vero,'
611 2311 770 2374 inquit
794 2310 876 2360 ille
901 2312 1159 2375 ‘quoniam
1179 2314 1454 2361 conlectam
1473 2311 1739 2374 aconviva,
1754 2314 1944 2374 Crasse,

291 2391 457 2454 exigis,
472 2409 575 2441 non
600 2391 908 2454 committam
934 2402 1005 2454 ut,
1023 2393 1064 2442 si
1088 2392 1373 2456 defugerim,
1394 2393 1485 2442 tibi
1509 2410 1707 2443 causam
1730 2393 1947 2458 aliquam

290 2472 549 2522 recusandi
565 2474 694 2523 dem.
747 2475 1067 2538 Quamquam
1092 2477 1229 2525 soleo
1254 2491 1401 2538 saepe
1424 2473 1585 2523 mirari
1603 2491 1774 2524 eorum
1791 2474 1952 2540 impu-

289 2553 523 2614 dentiam,
558 2553 643 2617 qui
679 2564 835 2618 agunt.
866 2555 918 2604 in
952 2573 1130 2605 scaena
1169 2565 1364 2620 gestum
1390 2555 1697 2620 inspectante
1725 2555 1912 2610 Roscio
1929 2573 1946 2617 3

342 2679 396 2718 M
412 2701 446 2714 =
468 2681 607 2720 ΑΕΗ
769 2697 793 2732 4
824 2683 1077 2724 elevandum
1105 2684 1142 2723 L
1164 2684 1274 2736 vulg.
1472 2685 1670 2724 contione
1690 2681 1726 2723 L
1915 2697 1942 2736 5

288 2737 497 2785 patiemur
516 2735 588 2777 M:
625 2737 887 2786 patiemurne
905 2736 972 2776 H¹
995 2738 1074 2790 Lg.
1100 2752 1124 2788 4
1253 2740 1280 2776 6
1310 2738 1367 2778 M.
1389 2746 1475 2778 vm.
1500 2738 1538 2776 L
1704 2751 1727 2787 7
1757 2738 1944 2779 elaborat

290 2802 378 2829 rece.
416 2803 497 2829 non
531 2790 658 2829 nulli:
689 2790 852 2831 laborat
880 2791 992 2832 codd.
1199 2793 1225 2830 8
1253 2793 1334 2832 hoc
1368 2793 1448 2832 ioc.
1485 2792 1608 2842 quale
1636 2805 1720 2832 om.
1753 2791 1807 2829 M
1831 2794 1942 2844 (cum

286 2843 416 2893 spatio
432 2857 558 2883 vacuo
573 2844 757 2885 duorum
763 2846 853 2895 fere
867 2845 1084 2898 versuum)
1199 2858 1248 2895 13
1276 2846 1484 2896 quaedam
1501 2851 1567 2886 est
1581 2844 1643 2888 L:
1673 2846 1878 2896 quaedam
1891 2843 1946 2884 M

291 2908 339 2946 15
369 2898 502 2948 possit
530 2897 584 2936 M
693 2912 740 2949 17
770 2900 837 2939 his
860 2912 922 2949 pr.
957 2900 1070 2940 codd.
1095 2914 1105 2940 τ
1139 2900 1188 2939 iis
1211 2913 1274 2951 pr.
1298 2899 1351 2938 H
1501 2913 1555 2940 20
1583 2900 1845 2940 confidamus
1867 2906 1940 2940 aut

288 2963 417 3044 erava
436 2966 517 2992 om.
543 2951 596 2990 M
614 2952 708 3004 (xiii
722 2953 781 3004 H,
805 2954 850 2992 ix
863 2953 924 3004 A,
950 2952 1022 2993 litt.
1048 2959 1107 3004 sp.
1133 2955 1269 3006 vac.):
1301 2953 1451 3006 confisi
1469 2952 1512 2991 E
1637 2967 1692 3004 29
1719 2958 1939 3004 spectante

347 3006 457 3057 vulg.
