2150 3444
118 150 283 200 66268
766 147 836 195 M.
876 145 1085 194 TVLLI
1124 144 1504 195 CICERONIS

303 288 448 353 agas‚'
483 287 641 353 inquit
670 286 735 337 ‘si
771 285 921 335 malui
957 285 1210 348 compilari
1246 299 1395 348 quam
1431 284 1626 335 venire'
1642 303 1657 348 3
1702 295 1756 336 ut
1786 286 1959 337 Asello

303 368 562 418 Africanus
621 368 856 418 obicienti
914 368 1118 415 lustrum
1178 365 1299 415 illud
1349 365 1528 426 infelix,
1593 366 1747 416 ‘noli'
1798 367 1959 432 inquit

309 452 321 476 ‘
336 449 498 499 mirari
518 468 532 511 ;
567 449 606 498 is
633 447 779 508 enim,
802 447 887 511 qui
912 456 961 497 te
985 464 1045 496 ex
1068 446 1262 495 aerariis
1288 445 1479 507 exemit,
1501 448 1709 496 lustrum
1733 446 1959 498 condidit

305 538 354 580 et
400 539 592 579 taurum
639 527 940 578 immolavit.'
1011 526 1204 594 [Tacita
1245 527 1460 591 suspicio
1501 536 1588 588 est,
1632 536 1687 576 ut
1725 527 1960 592 religione

305 609 551 660 civitatem
593 608 908 659 obstrinxisse
953 607 1177 657 videatur
1215 607 1502 668 MummiUS,
1553 609 1690 671 quod
1736 608 1959 658 Asellum
1980 623 2003 665 5

218 724 286 784 67
307 690 576 755 ignominia
599 686 806 757 levarit]

376 771 582 823 Urbana
628 771 775 821 etiam
814 770 1140 821 dissimulatio
1187 768 1273 831 est,
1324 786 1438 820 cum
1485 770 1580 820 alia
1626 769 1861 820 dicuntur
1900 787 1963 820 ac

306 851 500 913 sentias,
533 868 634 901 non
676 851 759 901 illo
797 869 986 916 genere,
1027 853 1091 901 de
1129 867 1229 915 quo
1266 860 1381 900 ante
1422 851 1535 911 dixi,
1568 868 1682 900 cum
1717 851 1961 901 contraria

302 932 453 992 dicas,
493 939 547 981 ut
582 931 785 982 Lamiae
823 934 1041 993 Crassus,
1087 934 1175 982 sed
1217 948 1331 982 cum
1372 941 1479 982 toto
1513 949 1691 997 genere
1725 932 1960 983 orationis

304 1029 471 1062 severe
494 1014 648 1073 ludaS,
677 1029 790 1061 cum
816 1011 955 1062 aliter
979 1013 1159 1062 sentias
1191 1028 1251 1062 ac
1273 1013 1476 1076 loquare
1493 1031 1507 1075 3
1551 1023 1607 1063 ut
1630 1019 1797 1064 noster
1819 1015 1962 1063 Scae·
1985 1030 2034 1064 10

302 1096 415 1144 vola
439 1094 778 1159 Septumuleio
812 1093 881 1142 illi
914 1094 1192 1158 Anagnino,
1221 1094 1300 1144 cui
1336 1111 1425 1158 pro
1458 1096 1514 1146 C.
1551 1095 1763 1145 Gracchi
1798 1095 1962 1159 capite

302 1183 405 1225 erat
429 1187 605 1225 aurum·
638 1191 915 1239 repensum,
948 1174 1151 1238 roganti,
1188 1183 1242 1224 ut
1277 1192 1329 1224 se
1364 1174 1416 1223 in
1451 1174 1623 1224 Asiam
1642 1177 1958 1239 *praefectum

303 1259 506 1308 duceret
533 1256 683 1321 “quid
708 1255 798 1306 tibi
831 1256 933 1316 viS‚'
957 1255 1118 1320 inquit
1158 1260 1170 1284 ‘
1188 1255 1395 1307 insane?
1452 1265 1588 1306 tanta
1618 1259 1861 1308 malorum
1885 1265 1961 1308 est

303 1338 570 1389 multitudo
613 1337 807 1399 civium,
852 1347 906 1387 ut
941 1334 1032 1387 tibi
1072 1355 1164 1402 ego
1202 1340 1300 1387 hoc
1337 1339 1641 1400 confirmem,
1681 1338 1723 1388 si
1764 1340 1960 1389 Romae

304 1418 553 1480 manseris,
598 1427 646 1468 te
681 1418 850 1482 paucis
885 1417 1028 1468 annis
1062 1419 1128 1468 ad
1163 1418 1400 1468 maximas
1434 1419 1670 1483 pecunias
1705 1436 1813 1469 esse
1846 1437 1961 1470 ven·
1985 1434 2035 1477 15¹

204 1518 283 1560 270
302 1501 496 1550 turum.’
582 1500 642 1548 In
685 1501 781 1549 hoc
822 1515 1000 1563 genere
1039 1499 1257 1549 Fannius
1304 1499 1355 1548 in
1395 1499 1660 1550 annalibus
1699 1500 1799 1550 suis
1836 1500 1963 1550 Afri-

302 1597 482 1630 canum
523 1581 657 1630 hunc
695 1579 1028 1629 Aemilianum
1067 1579 1188 1643 dicit
1224 1579 1374 1630 fuisse
1414 1582 1648 1644 egregy‘um
1683 1590 1734 1632 et
1767 1583 1960 1632 Graeco

302 1678 415 1711 eum
452 1661 603 1710 verbo
639 1662 854 1725 appellat
890 1662 1081 1725 εἴρωνα;
1131 1662 1232 1722 sed,
1260 1661 1332 1710 uti
1368 1660 1414 1710 ei
1448 1663 1624 1723 ferunt,
1663 1661 1748 1726 qui
1783 1661 1959 1712 melius

301 1744 424 1792 haec
449 1750 643 1802 norunt,
663 1743 914 1791 Socratem
939 1742 1116 1806 opinor
1138 1741 1190 1790 in
1210 1743 1303 1791 hac
1327 1741 1484 1791 ironia
1502 1741 1960 1806 dissimulantiaque

301 1825 448 1887 longe
489 1825 656 1887 lepore
694 1831 742 1872 et
779 1823 1086 1872 humanitate
1124 1822 1356 1872 omnibus
1402 1822 1712 1887 praestitisse.
1786 1825 1958 1874 Genus
1981 1842 2035 1872 20

302 1913 376 1953 est
417 1906 701 1968 perelegans
740 1911 789 1953 et
830 1920 945 1954 cum
981 1903 1215 1967 gravitate
1254 1906 1436 1953 salsum
1475 1921 1692 1968 cumque
1735 1903 1958 1954 oratoriis

202 1995 275 2042 271
302 1984 602 2035 dictionibus
639 1992 745 2033 tum
780 1983 980 2033 urbanis
1024 1984 1334 2034 sermonibus
1370 1986 1818 2034 accommodatum.
1892 1987 1960 2034 Et

301 2068 499 2116 hercule
525 2065 693 2115 omnia
717 2066 854 2126 haec,
883 2082 1010 2129 quae
1033 2082 1064 2115 a
1096 2083 1177 2115 me
1202 2067 1266 2116 de
1290 2065 1477 2115 facetiis
1503 2066 1826 2130 disputantur,
1853 2083 1958 2116 non

301 2146 485 2195 maiora
512 2145 778 2196 forensium
809 2146 1242 2210 actionumzquam
1273 2146 1497 2196 omnium
1527 2163 1810 2196 sermonum
1842 2163 1958 2196 con-

298 2227 520 2278 dimenta
555 2236 680 2276 sunt.
754 2227 886 2276 Nam
927 2227 1053 2276 sicut
1100 2229 1237 2292 quod
1271 2229 1407 2291 apud
1449 2230 1692 2279 Catonem
1727 2227 1956 2292 est——qui
1979 2246 2031 2288 25

299 2310 453 2358 multa
491 2307 686 2367 rettulit,
736 2324 799 2357 ex
833 2307 1012 2371 quibus
1050 2325 1081 2357 a
1121 2325 1202 2357 me
1243 2309 1455 2373 exempli
1497 2325 1644 2358 causa
1680 2324 1783 2358 non
1822 2310 1958 2358 nulla

297 2397 703 2453 ponuntur—per
739 2388 860 2437 mihi
895 2389 1073 2439 scitum
1106 2389 1314 2452 videtur,
1351 2392 1406 2442 C.
1443 2389 1722 2440 Publicium
1757 2389 1957 2440 solitum

298 2470 461 2519 dicere
488 2473 499 2495 ‘
520 2472 570 2518 P.
602 2469 905 2518 Mummium
935 2469 1148 2519 cuiusvis
1177 2471 1411 2535 temporis
1442 2470 1701 2520 hominem
1724 2472 1862 2532 esse,'
1887 2470 1960 2520 sic

300 2553 521 2615 profecto
558 2567 611 2600 se
647 2567 723 2600 res
759 2551 923 2612 habet,
951 2553 1142 2600 nullum
1179 2561 1233 2602 ut
1268 2552 1330 2602 sit
1364 2552 1492 2603 vitae
1527 2562 1736 2617 tempuS,
1768 2551 1819 2600 in
1854 2567 1959 2615 quo

204 798 284 852 269

350 2679 403 2719 M
420 2700 455 2714 =
476 2680 529 2719 H
691 2694 716 2730 4
745 2680 873 2721 tacita
893 2711 903 2721 .
928 2710 937 2721 .
961 2713 970 2723 .
993 2681 1142 2722 levarit
1161 2681 1247 2722 secl.
1272 2681 1437 2722 Ernesti
1608 2695 1656 2732 17
1686 2682 1818 2722 fuisse
1837 2693 1958 2732 egre-

297 2735 411 2785 gium
440 2734 620 2775 Piderit:
655 2735 783 2774 fuisse
812 2735 924 2776 codd.
949 2751 959 2776 :
999 2737 1173 2777 multum
1204 2737 1333 2776 fuisse
1361 2735 1551 2777 Ellendt:
1597 2737 1790 2776 floruisse
1819 2735 1954 2775 Bake:

296 2789 452 2828 aluisse
476 2788 649 2837 jacobs:
685 2789 813 2830 fuisse
840 2790 1021 2830 facetum
1042 2790 1177 2841 Sorof
1297 2793 1345 2830 18
1373 2792 1503 2830 verbo
1524 2821 1533 2830 .
1557 2821 1566 2831 .
1591 2821 1600 2830 .
1623 2804 1697 2830 -na
1719 2789 1795 2830 H:
1825 2790 1956 2830 verbo

296 2844 371 2882 sed
393 2843 426 2880 le
466 2894 468 2897 ι
578 2856 627 2894 19
655 2844 832 2883 ironiam
853 2845 916 2886 L:
949 2845 1069 2884 irona
1090 2859 1108 2883 ε
1264 2858 1314 2884 21
1348 2846 1528 2884 oratoris
1548 2845 1620 2884 H:
1652 2844 1886 2883 oratoribus
1906 2839 1960 2881 M

296 2899 349 2935 28
379 2896 559 2935 Marium
593 2897 716 2937 Hm:
763 2898 1005 2938 Nummium
1038 2913 1082 2938 ετ
1130 2898 1377 2939 Mummium
1405 2912 1494 2938 recc.
1621 2899 1804 2938 cuiusvis
1825 2898 1953 2937 Lam-

295 2951 418 2989 binus
438 2966 446 2989 :
474 2951 638 3000 quidvis
675 2951 727 2990 H
742 2965 830 2991 recc.
852 2966 861 2990 :
891 2953 1006 3002 quod
1025 2953 1089 2991 vis
1110 2966 1154 2991 m
1173 2966 1182 2991 ι
1211 2953 1345 2992 cuivis
1363 2952 1474 3005 vulg.
1658 2951 1863 3002 temporis
1879 2949 1930 2989 H
1942 2963 1954 2990 e

297 3005 557 3055 temporibus
573 3005 590 3043 l
604 3019 618 3044 τ’
645 3006 826 3055 tempori
845 3006 904 3045 Le
