2150 3444
786 162 882 210 DE
918 162 1259 212 ORATORE
1331 162 1384 210 II
1942 178 2017 228 37.
2035 165 2113 226 ³¹54

256 307 515 349 senserunt
531 316 545 360 3
593 308 642 349 et
678 307 809 349 certe
844 315 947 348 non
981 298 1094 348 tulit
1127 299 1256 349 ullos
1290 299 1414 348 haec
1449 299 1618 349 civitas
1652 311 1737 350 aut
1771 301 1924 365 gloria

257 378 484 430 clariores
507 389 593 428 aut
623 379 914 430 auctoritate
947 379 1192 444 graviores
1226 388 1312 428 aut
1343 380 1648 430 humanitate
1673 382 1923 445 politiores

258 462 311 511 P.
349 459 596 520 AfricanO,
638 463 693 512 C.
731 460 912 521 Laelio,
951 463 1006 510 L.
1039 459 1202 521 Furi0,
1241 459 1327 524 qui
1363 477 1532 510 secum
1568 461 1924 512 eruditissimos
1982 502 1985 503 γ

256 540 485 592 homines
517 559 577 592 ex
606 541 813 591 Graecia
846 543 1011 606 palam
1046 557 1242 603 semper
1281 541 1573 590 habuerunt.
1635 544 1801 606 Atque
1833 561 1926 607 ego
1954 566 2029 606 155

210 639 236 682 5
256 623 354 673 hoc
378 640 439 673 ex
461 621 532 672 eis
557 639 704 686 saepe
726 620 908 682 audivi,
929 638 1046 671 cum
1069 621 1292 671 dicerent
1310 632 1589 686 pergratum
1607 623 1926 673 Atheniensis

255 712 308 755 et
329 702 424 754 sibi
456 703 631 754 fecisse
665 712 716 753 et
749 702 919 752 multis
952 701 1258 766 principibus
1287 701 1510 763 civitatis,
1538 705 1688 767 quod,
1716 721 1831 753 cum
1861 705 1927 754 ad

256 794 484 836 senatum
507 785 694 848 legatos
725 785 791 834 de
821 783 925 834 suis
959 783 1185 833 maximis
1217 784 1365 834 rebus
1401 784 1664 845 mitterent,
1691 785 1774 835 tris
1798 785 1927 835 illius

255 865 429 916 aetatis
474 863 811 916 nobilissimos
849 864 1177 930 philosophos
1216 865 1476 925 misissent,
1522 868 1831 917 Carneadem
1878 875 1928 916 et

257 946 532 998 Critolaum
566 955 616 996 et
653 945 967 1010 Diogenem3
1019 945 1186 1010 itaque
1222 963 1322 1007 eOS,
1361 948 1483 997 dum
1518 949 1710 998 Romae
1745 957 1922 1008 essent,

185 1051 237 1082 ιο
255 1037 308 1079 et
327 1045 360 1079 a
382 1045 436 1079 se
458 1036 510 1078 et
531 1028 597 1077 ab
619 1026 727 1076 aliis
750 1028 1031 1090 frequenter
1062 1027 1259 1077 auditos
1280 1045 1294 1088 ;
1342 1043 1470 1092 quos
1499 1037 1552 1077 tu
1579 1046 1695 1079 cum
1719 1030 1926 1080 haberes

254 1119 496 1170 auctoreS‚
532 1108 737 1170 Antoni,
775 1109 924 1158 miror
959 1126 1047 1159 cur
1081 1109 1427 1174 philosophiae
1465 1109 1591 1160 sicut
1625 1112 1809 1161 Zethus
1844 1110 1926 1161 ille

257 1190 567 1243 Pacuvianus
598 1207 753 1255 prope
783 1191 972 1240 bellum
1008 1190 1271 1241 indixeris.'
1344 1195 1356 1218 ‘
1377 1191 1618 1252 Minime,'
1642 1191 1803 1256 inquit
1826 1194 1926 1242 An-
1953 1197 2031 1251 156

257 1272 455 1335 tonius3
493 1277 578 1323 ‘ac
602 1272 673 1322 sic
696 1272 899 1323 decrevi
916 1272 1254 1338 philosophari
1278 1273 1458 1337 potius,
1485 1283 1540 1323 ut
1565 1275 1926 1338 Neoptolemus

254 1356 392 1422 apud
426 1354 647 1405 Ennium
682 1355 931 1420 “paucis:
979 1372 1096 1404 nam
1134 1355 1342 1405 omnino
1377 1356 1511 1405 haud
1553 1357 1758 1420 placet.''
1827 1355 1928 1405 Sed

186 1457 236 1500 15
257 1446 427 1489 tamen
460 1439 584 1488 haec
619 1447 694 1488 est
728 1454 841 1488 mea
877 1436 1134 1498 sententia,
1174 1454 1325 1501 quam
1365 1436 1569 1487 videbar
1609 1437 1927 1503 exposuisse:

256 1536 352 1584 ego
381 1519 476 1570 ista
505 1518 670 1569 studia
703 1536 807 1569 non
840 1518 1085 1583 improbo,
1112 1520 1368 1569 moderata
1396 1521 1549 1569 modo
1574 1518 1703 1569 sint:
1739 1519 1929 1584 opinio-

257 1617 376 1650 nem
409 1599 617 1651 istorum
651 1599 928 1649 studiorum
975 1609 1025 1650 et
1071 1598 1405 1663 suspicionem
1445 1598 1620 1649 artifici
1653 1602 1788 1664 apud
1824 1618 1925 1660 eoS‚

257 1681 346 1745 qui
367 1697 444 1731 res
467 1680 701 1741 iudicent,
730 1680 909 1731 oratori
941 1680 1267 1731 adversariam
1301 1698 1409 1730 esse
1432 1681 1651 1740 arbitror,
1678 1680 1929 1731 imminuit

257 1761 392 1812 enim
415 1770 466 1812 et
489 1762 694 1812 oratoris
716 1761 1059 1812 auctoritatem
1084 1771 1133 1812 et
1157 1761 1391 1812 orationis
1416 1763 1581 1812 fidem.
1655 1764 1768 1823 Sed,
1790 1772 1845 1812 ut
1868 1780 1930 1813 eo

184 1862 238 1892 πο
257 1851 527 1902 revocetur,
553 1844 688 1892 unde
723 1843 822 1892 huc
857 1842 1124 1893 declinavit
1160 1843 1328 1903 oratio,
1358 1861 1418 1892 ex
1449 1843 1605 1893 tribus
1637 1842 1742 1893 istis
1771 1842 1931 1893 claris-

255 1922 394 1973 simis
439 1922 762 1987 philosophiS,
812 1940 938 1987 quos
987 1926 1204 1973 Romam
1250 1923 1444 1974 venisse
1498 1924 1675 1985 dixisti,
1726 1924 1931 1975 videsne

258 2003 537 2068 Diogenem
579 2021 693 2054 eum
731 2004 894 2065 fuisse,
935 2004 1021 2068 qui
1059 2004 1246 2054 diceret
1283 2014 1438 2055 artem
1477 2022 1530 2055 se
1571 2008 1763 2057 tradere
1800 2007 1931 2056 bene

255 2084 532 2137 disserendi
563 2095 613 2136 et
641 2103 756 2136 vera
786 2103 845 2136 ac
876 2088 998 2136 falsa
1033 2086 1357 2147 diiudicandi,
1385 2104 1535 2151 quam
1559 2089 1712 2138 verbo
1736 2090 1930 2138 Graeco

256 2168 550 2233 διαλεκτικήν
569 2170 879 2233 appellaret?
948 2170 1010 2217 In
1040 2169 1133 2216 hac
1165 2177 1280 2227 arte,
1309 2167 1350 2217 si
1385 2170 1540 2219 modo
1576 2178 1650 2219 est
1682 2171 1805 2219 haec
1835 2186 1926 2230 ars,

187 2266 236 2309 25
258 2253 451 2302 nullum
486 2259 563 2301 est
595 2258 928 2315 praeceptum,
968 2265 1070 2312 quo
1107 2250 1261 2299 modo
1301 2266 1472 2299 verum
1507 2249 1794 2310 inveniatur,
1839 2251 1929 2300 sed

257 2340 451 2382 tanturn
497 2340 586 2392 est,
635 2348 736 2395 quo
783 2332 938 2380 modo
984 2329 1262 2390 iudicetur3
1318 2347 1436 2379 nam
1483 2340 1533 2380 et
1579 2348 1741 2392 omne,
1792 2333 1930 2395 quod
1956 2342 2034 2394 158

257 2413 537 2478 eloquimur
566 2412 651 2472 sic,
683 2420 739 2461 ut
772 2411 826 2461 id
860 2420 947 2460 aut
982 2427 1089 2460 esse
1125 2410 1351 2461 dicamus
1386 2420 1472 2460 aut
1507 2428 1609 2461 non
1645 2429 1766 2473 esse,
1794 2422 1857 2474 et,
1889 2412 1930 2462 si

258 2494 545 2559 simpliciter
590 2493 781 2544 dictum
829 2492 902 2553 sit,
954 2492 1230 2557 suscipiunt
1280 2492 1542 2553 dialectici,
1592 2503 1646 2543 ut
1692 2493 1927 2554 iudicent,

258 2592 495 2626 verumne
547 2574 609 2625 sit
662 2591 727 2624 an
780 2574 972 2634 falsum,
1023 2583 1086 2634 et,
1137 2573 1177 2623 si
1224 2573 1492 2624 coniuncte
1543 2574 1604 2623 sit
1651 2577 1834 2624 elatum
1881 2583 1932 2625 et

182 2669 238 2712 30
258 2656 494 2708 adiuncta
523 2655 623 2707 sint
652 2655 760 2717 alia,
788 2654 1024 2715 iudicant,
1053 2664 1250 2705 rectene
1283 2655 1520 2706 adiuncta
1552 2655 1650 2706 sint
1681 2665 1730 2706 et
1752 2674 1931 2706 verane

256 2753 454 2788 summa
476 2737 540 2801 sit
571 2736 718 2787 unius
752 2736 995 2802 cuiusque
1030 2736 1245 2800 rationiS,
1274 2746 1324 2787 et
1354 2738 1419 2788 ad
1456 2747 1728 2788 extremum
1761 2737 1854 2802 ipsi
1877 2754 1930 2787 se

1952 1721 2019 1783 38

1956 1807 2034 1851 1⁵7

309 2865 363 2905 M
379 2885 415 2902 ε
434 2864 574 2906 ΑΕΗ
711 2879 760 2906 10
788 2872 877 2907 tum
899 2878 994 2905 cum
1013 2865 1065 2904 M
1131 2903 1133 2905 ,
1174 2879 1219 2905 11
1250 2871 1444 2907 auctores
1464 2880 1548 2907 om.
1573 2866 1625 2906 M
1735 2879 1782 2916 14
1811 2868 1935 2916 quam

254 2921 432 2963 omnino
443 2919 551 2960 HE³
662 2933 716 2973 29
733 2933 882 2960 verum
894 2919 946 2958 M
1051 2933 1106 2970 30
1131 2920 1213 2959 alia
1228 2921 1339 2971 vulg.
1360 2934 1369 2959 τ
1398 2921 1522 2960 alteri
1537 2919 1591 2960 M
1687 2921 1874 2962 iudicant
1886 2919 1938 2959 M

258 2974 448 3017 iudicent
468 2974 505 3013 L
524 2974 636 3028 vulg.
803 2986 854 3025 31
886 2974 1093 3026 uniusque
1113 2973 1211 3014 AH
1225 2987 1235 3014 ε
1264 2973 1489 3025 unicu'que
1508 2973 1550 3014 E

1776 3043 1828 3084 3*
