2150 3444
143 155 197 203 13
215 159 275 205 >54
758 143 827 190 M.
867 142 1076 190 TVLLI
1116 141 1497 191 CICERONIS

294 281 638 332 conlocatione
668 290 717 332 et
746 289 901 330 tractu
938 279 1170 330 orationis
1204 279 1301 328 leni
1331 289 1379 328 et
1414 279 1661 344 aequabili
1680 279 1948 345 perpolivit

291 361 414 412 illud
462 379 622 426 opus;
680 362 769 411 sed
817 371 870 410 ut
916 363 1069 410 homo
1116 377 1280 424 neque
1319 362 1496 409 doctus
1534 377 1698 424 neque
1736 361 1948 419 maxime

290 453 434 507 aptus
469 446 534 494 ad
559 443 840 504 dicendum,
881 443 1006 492 sicut
1041 442 1215 506 potuit,
1254 442 1468 503 dolavit3
1522 441 1640 491 vicit
1673 451 1855 504 tamen,
1891 451 1947 494 ut

216 542 268 585 55
290 524 427 585 dicis,
469 525 772 589 superiores?
846 523 1089 572 ‘Minime
1126 523 1335 583 mirum‚'
1382 521 1543 586 inquit
1578 523 1825 572 Antonius
1875 523 1947 580 ‘si

288 605 381 655 ista
405 623 480 656 res
505 608 670 656 adhuc
695 614 861 655 nostra
885 604 1050 669 lingua
1082 604 1336 653 inlustrata
1360 621 1462 653 non
1488 611 1592 665 est,
1637 620 1788 654 nemo
1811 603 1945 654 enim
1966 618 1992 674 5

287 689 453 736 studet
494 686 805 751 eloquentiae
841 695 1119 736 nostrorum
1158 684 1432 744 hominum,
1474 683 1568 733 nisi
1607 693 1660 733 ut
1696 684 1747 733 in
1783 684 1944 734 causis

284 778 433 832 atque
458 768 507 818 in
533 771 640 817 foro
665 770 886 828 eluceat,
939 768 1074 830 apud
1110 767 1327 815 Graecos
1359 774 1525 815 autem
1552 765 1943 829 eloquentissimi

284 850 511 898 homines
553 848 729 898 remoti
776 865 805 898 a
852 847 1011 897 causis
1059 847 1336 896 forensibus
1384 864 1497 896 cum
1536 848 1602 896 ad
1640 856 1826 895 ceteras
1863 863 1940 896 res

283 930 496 978 inlustris
531 939 635 978 tum
665 931 729 979 ad
763 928 1016 978 historiam
1047 927 1360 976 scribendam
1393 927 1606 976 maxime
1641 943 1694 975 se
1728 927 1940 991 applica-

281 1019 487 1058 verunt:
539 1026 755 1073 namque
788 1017 836 1058 et
867 1010 1184 1058 Herodotum
1215 1007 1367 1067 illurn,
1402 1007 1489 1070 qui
1519 1006 1747 1071 princeps
1782 1024 1937 1071 genus
1962 1022 2014 1054 ιο

281 1091 377 1139 hoc
403 1090 606 1151 ornavit,
625 1090 676 1139 in
700 1089 860 1139 causis
880 1088 1003 1137 nihil
1020 1088 1225 1137 omnino
1243 1096 1489 1137 versatum
1505 1103 1612 1136 esse
1630 1087 1912 1152 accepimus
1923 1107 1939 1150 3

280 1170 417 1234 atqui
456 1179 591 1220 tanta
630 1178 704 1220 est
746 1169 1040 1234 eloquentia,
1083 1177 1136 1217 ut
1178 1185 1258 1218 me
1300 1167 1518 1231 quidem,
1559 1177 1800 1231 quantum
1845 1185 1940 1232 ego

283 1252 472 1302 Graece
509 1251 689 1316 scripta
723 1251 1006 1314 intellegere
1042 1266 1259 1314 possum,
1294 1265 1476 1312 magno
1512 1265 1662 1312 opere
1694 1250 1938 1312 delectet;

207 1344 258 1398 56
282 1342 330 1382 et
364 1341 477 1396 post
506 1332 644 1381 illum
674 1331 994 1395 Thucydides
1027 1330 1188 1380 omnis
1221 1329 1423 1380 dicendi
1450 1329 1657 1379 artificio
1689 1346 1801 1380 mea
1830 1346 1939 1380 sen.-

280 1414 432 1463 tentia
467 1414 609 1463 facile
645 1413 761 1462 vicit
778 1431 791 1474 ,-
840 1412 925 1476 qui
960 1411 1028 1460 ita
1056 1412 1227 1461 creber
1258 1420 1332 1460 est
1368 1427 1531 1460 rerum
1566 1410 1853 1474 frequentia,
1879 1419 2008 1476 ut15

277 1496 538 1544 verborum
554 1511 707 1559 prope
723 1509 983 1542 numerum
999 1491 1352 1542 sententiarum
1368 1509 1575 1541 numero
1591 1501 1934 1556 consequatur,

276 1575 343 1624 ita
368 1593 513 1640 porro
545 1575 705 1625 verbis
735 1583 809 1624 est
843 1583 986 1638 aptus
1019 1582 1068 1623 et
1100 1589 1310 1638 pressuS,
1338 1581 1391 1622 ut
1423 1571 1626 1632 nesciaS‚
1663 1581 1828 1622 utrum
1859 1590 1936 1623 res

278 1657 499 1708 oratione
535 1674 599 1706 an
642 1656 790 1706 verba
832 1654 1087 1705 sententiis
1123 1654 1471 1704 inlustrentur:
1521 1653 1658 1718 atqui
1696 1670 1760 1703 ne
1800 1655 1936 1705 hunc

276 1737 494 1800 quidem,
522 1754 824 1801 quamquam
855 1745 928 1786 est
957 1736 1008 1784 in
1045 1753 1095 1785 re
1128 1735 1328 1799 publica
1362 1743 1594 1796 versatus,
1635 1751 1694 1785 ex
1726 1752 1935 1786 numero

273 1819 556 1882 accepimus
582 1835 766 1877 eorum,
790 1817 873 1880 qui
899 1833 1069 1866 causas
1086 1816 1371 1866 dictitarunt
1391 1834 1405 1877 3
1441 1824 1489 1865 et
1514 1817 1606 1865 hos
1629 1816 1762 1880 ipsos
1781 1816 1933 1867 libros
1956 1836 2010 1866 20

274 1899 662 1966 tumqscripsisse
695 1898 885 1957 dicitur,
915 1914 1028 1954 cum
1058 1914 1088 1946 a
1123 1914 1174 1946 re
1207 1896 1407 1961 publica
1439 1905 1656 1946 remotus
1689 1906 1852 1962 atque,
1879 1898 1932 1949 id

273 1982 410 2043 quod
468 1980 660 2044 optimo
719 1979 898 2042 cuique
948 1978 1158 2028 Athenis
1210 1977 1435 2027 accidere
1485 1978 1684 2027 solitum
1735 1987 1821 2039 est,
1878 1979 1931 2028 in

197 2076 248 2120 57
273 2061 496 2111 exsilium
543 2063 713 2126 pulsus
761 2068 890 2110 esset
908 2078 921 2121 3
991 2061 1126 2108 hunc
1175 2067 1472 2109 consecutus
1525 2067 1599 2108 est
1646 2060 1930 2123 Syracosius

272 2143 517 2203 Philistus,
560 2142 657 2206 qui,
699 2158 813 2191 cum
854 2141 1062 2205 Dionysi
1101 2140 1291 2204 tyranni
1332 2140 1737 2191 familiarissimus
1784 2151 1926 2203 esset,

270 2224 428 2274 otium
468 2240 611 2273 suum
648 2222 954 2286 consumpsit
992 2223 1043 2271 in
1080 2221 1282 2271 historia
1316 2222 1580 2274 scribenda
1615 2222 1928 2287 maximeque
1953 2243 2000 2284 25

269 2304 617 2368 Thucydidem
643 2313 730 2365 est,
758 2313 812 2353 ut
838 2303 959 2352 mihi
983 2303 1188 2363 videtur,
1217 2302 1448 2352 imitatus
1524 2305 1704 2352 Postea
1726 2320 1842 2352 vero
1867 2321 1927 2353 ex

269 2386 537 2436 clarissima
578 2386 717 2450 quasi
753 2385 959 2435 rhetoris
996 2385 1192 2435 officina
1226 2386 1329 2434 duo
1367 2393 1671 2448 praestantes
1708 2384 1920 2448 ingeni0,

267 2472 624 2534 Theopompus
650 2478 698 2518 et
724 2470 953 2532 Ephorus
978 2469 1041 2517 ab
1064 2470 1281 2517 Isocrate
1305 2467 1536 2531 magistro
1561 2467 1760 2531 impulsi
1783 2484 1836 2516 se
1859 2469 1924 2517 ad

187 2602 207 2635 Ι
266 2551 518 2600 historiam
545 2551 857 2600 contulerunt
874 2564 895 2610 3>
923 2565 1095 2598 causas
1115 2548 1321 2598 omnino
1346 2565 1619 2612 numquam
1643 2548 1919 2612 attigerunt.

190 2602 241 2717 ἐξ
267 2632 496 2696 Denique
521 2631 668 2681 etiam
692 2648 721 2680 a
753 2630 1066 2694 philosophia
1094 2632 1340 2694 profectus
1370 2630 1597 2694 princeps
1621 2630 1919 2694 Xenophon,
1948 2646 1998 2684 30

266 2713 541 2762 Socraticus
600 2713 694 2771 ille,
749 2720 861 2775 post
918 2712 982 2760 ab
1032 2710 1297 2760 Aristotele
1350 2710 1692 2770 Callisthenes,
1753 2727 1920 2760 comes

318 2842 370 2880 M
389 2861 422 2873 =
444 2842 533 2881 HE
695 2855 712 2880 1
745 2842 910 2891 aequali
940 2842 994 2880 M
1127 2855 1158 2892 9
1186 2842 1370 2881 maxime
1399 2855 1483 2881 om.
1516 2841 1569 2880 M
1709 2842 1758 2880 16
1786 2853 1919 2892 prope

261 2910 437 2935 numero
460 2897 511 2934 M
629 2910 682 2935 20
711 2897 958 2935 dictitarunt
979 2896 1032 2934 M
1046 2911 1056 2936 τ
1085 2896 1327 2936 dictitarent
1347 2895 1400 2935 M
1411 2910 1420 2936 z
1452 2895 1683 2937 dictitarint
1704 2894 1740 2936 L
1863 2906 1916 2936 22

262 2957 374 2990 esset
396 2951 447 2988 M
479 2952 483 2999 [
609 2963 658 3001 27
691 2951 903 2989 rhetorum
925 2950 1100 2990 Mueller
