2150 3444
772 106 867 154 DE
903 104 1246 155 ORATORE
1318 103 1400 152 111
1942 105 2010 166 38
2029 124 2106 168 155

254 244 380 306 vitis
419 243 660 295 luxuriem
702 261 810 295 esse
848 243 898 293 in
938 243 1116 303 herbiS,
1156 245 1307 293 laetas
1343 250 1532 307 segetes
1569 241 1717 291 etiam
1754 242 1920 293 rustici

253 325 441 378 dicunt.
514 327 669 389 Quod
702 325 835 376 enim
868 324 1105 376 declarari
1132 324 1212 374 vix
1242 325 1395 374 verbo
1426 322 1626 388 proprio
1661 333 1836 388 potest,
1869 324 1921 374 id

254 410 489 459 translato
547 425 663 458 cum
721 417 796 458 est
853 407 1061 468 dictum,
1108 406 1333 456 inlustrat
1390 405 1456 466 id,
1508 407 1645 469 quod
1703 405 1919 469 intellegi

253 491 500 551 volumus,
524 490 630 540 eius
666 489 747 549 rei,
777 505 926 553 quam
959 488 1123 538 alieno
1148 488 1300 537 verbo
1333 485 1606 551 posuimus,
1631 486 1915 537 similitudo.

207 583 231 625 5
255 572 387 635 Ergo
419 572 542 620 haec
575 568 918 619 translationes
942 568 1086 632 quasi
1120 567 1455 617 mutuationes
1488 577 1616 628 sunt,
1644 585 1758 617 cum
1784 569 1922 632 quod
1948 573 2028 627 156

253 668 356 703 non
402 651 588 701 habeas
628 650 830 700 aliunde
870 665 1050 710 sumaS,
1095 648 1208 698 illae
1255 650 1404 714 paulo
1449 648 1756 710 audacioreS,
1794 666 1922 713 quae

252 749 357 789 non
379 731 600 796 inopiam
625 730 861 791 indicant,
889 732 978 781 sed
1003 729 1214 781 orationi
1239 730 1517 794 splendoris
1548 730 1737 795 aliquid
1768 747 1923 780 arces-

252 821 368 864 sunt
383 831 398 875 ;
432 825 641 878 quarum
674 829 768 877 ego
793 811 915 876 quid
945 811 1088 863 vobis
1124 821 1209 862 aut
1241 811 1528 863 inveniendi
1564 811 1805 862 rationem
1837 821 1922 861 aut
1945 852 2016 902 39

250 911 432 960 genera
466 895 689 959 ponam?
760 891 1128 960 [Similitudinis
1165 902 1239 943 est
1273 895 1338 943 ad
1374 894 1580 945 verbum
1616 911 1771 943 unum
1809 911 1923 944 con·
1950 924 2025 969 157

179 989 233 1023 ιο
253 983 409 1026 tracta
448 974 675 1036 brevitas,
714 975 852 1039 quod
888 975 1095 1025 verbum
1138 974 1188 1023 in
1230 974 1394 1024 alieno
1429 977 1542 1025 loco
1578 983 1832 1039 tamquam
1870 975 1921 1024 in

252 1074 344 1109 suo
381 1057 599 1122 positum
641 1057 682 1106 si
716 1056 1011 1121 agnoscitur,
1050 1058 1276 1118 delectat,
1316 1057 1356 1106 si
1399 1056 1558 1107 simile
1593 1056 1715 1106 nihil
1754 1058 1917 1118 habet,

252 1137 593 1206 repudiatur];
635 1141 724 1189 sed
759 1156 820 1189 ea
853 1138 1099 1190 transferri
1135 1147 1342 1205 oportet,
1382 1156 1510 1204 quae
1544 1147 1630 1190 aut
1666 1138 1919 1190 clariorem

252 1220 439 1271 faciunt
462 1237 580 1282 rem,
608 1229 663 1270 ut
686 1220 769 1270 illa
793 1220 990 1277 omnia:

859 1302 1150 1352 inhorrescit
1185 1319 1332 1363 mare,

178 1403 228 1446 15
319 1383 554 1435 tenebrae
589 1383 1015 1449 conduplicantur,
1043 1383 1304 1449 noctisque
1338 1394 1388 1434 et
1424 1384 1652 1435 nimbum
1688 1393 1921 1436 occaecat

456 1465 631 1531 nigror,

319 1549 522 1598 flamma
556 1547 684 1598 inter
718 1547 866 1598 nubis
902 1557 1143 1609 coruscat,
1182 1550 1375 1598 caelum
1412 1549 1598 1599 tonitru
1639 1548 1916 1609 contremit,

317 1631 509 1694 grando
545 1628 697 1680 mixta
731 1629 878 1680 imbri
914 1629 1132 1694 largifico
1167 1630 1331 1680 subita
1365 1630 1694 1696 praecipitans
1729 1630 1875 1691 cadit,

319 1711 543 1777 undique
571 1728 747 1764 omnes
770 1711 905 1761 venti
938 1721 1218 1776 erumpunt,
1245 1712 1378 1763 saevi
1409 1712 1649 1762 exsistunt
1681 1711 1920 1774 turbineS,

178 1810 232 1840 ιο
312 1791 460 1842 fervit
492 1800 633 1843 aestu
667 1794 904 1858 pelagus:

250 1873 420 1926 omnia
447 1875 562 1934 fere,
588 1890 692 1939 quo
715 1883 881 1924 essent
909 1873 1127 1935 clariora,
1155 1874 1399 1924 translatis
1432 1891 1519 1939 per
1543 1873 1918 1925 similitudinem

247 1954 410 2006 verbis
441 1955 580 2006 dicta
607 1964 730 2006 *sunt
745 1973 760 2018 ;
794 1964 880 2006 aut
904 1973 1005 2021 quo
1041 1955 1342 2020 significatur
1376 1956 1531 2021 magis
1567 1974 1643 2007 res
1679 1965 1783 2008 tota
1818 1956 1920 2007 sive
1947 1960 2024 2013 158

246 2035 364 2086 facti
390 2035 599 2086 alicuius
627 2035 730 2085 sive
761 2035 951 2098 consili,
978 2045 1034 2086 ut
1065 2035 1161 2098 ille,
1189 2035 1275 2101 qui
1306 2038 1641 2088 occultantem
1673 2038 1916 2098 consult0,

246 2134 312 2171 ne
357 2117 425 2179 id,
467 2119 612 2183 :quod
658 2127 898 2183 ageretur,
937 2117 1156 2183 intellegi
1202 2128 1382 2184 posset,
1428 2119 1627 2171 duobus
1674 2118 1919 2169 translatis

175 2212 224 2256 25
245 2198 408 2250 verbis
432 2198 756 2251 similitudine
779 2200 888 2266 ipsa
909 2199 1127 2251 indicat:

314 2281 727 2346 quandoquidem
761 2281 804 2331 is
840 2299 892 2332 se
926 2281 1113 2332 circum
1137 2281 1283 2332 vestit
1317 2282 1482 2344 dictis,
1506 2282 1663 2346 saepit
1699 2299 1752 2332 se
1780 2285 1914 2333 dolo.

246 2364 367 2414 Non
385 2379 660 2428 numquam
679 2363 829 2414 etiam
853 2362 1064 2414 brevitas
1089 2364 1407 2415 translatione
1423 2364 1695 2425 conficitur,
1717 2374 1771 2414 ut
1795 2365 1917 2416 illud

247 2443 318 2494 ‘si
351 2446 506 2496 telum
534 2462 686 2496 manu
719 2445 898 2511 fugit':
934 2446 1266 2511 imprudentia
1299 2446 1384 2497 teli
1416 2446 1553 2496 missi
1582 2446 1776 2497 brevius
1809 2463 1917 2511 pro-

244 2525 363 2591 priis
398 2527 565 2601 vverbis
610 2528 793 2593 exponi
834 2545 937 2578 non
975 2527 1149 2594 potuit,
1191 2546 1342 2593 quarn
1384 2538 1459 2579 est
1498 2545 1603 2579 uno
1643 2527 1917 2593 significata

299 2653 355 2697 M
370 2675 407 2690 =
426 2654 566 2699 ΑΕΗ
669 2669 696 2707 5
723 2657 831 2698 haec
851 2656 944 2697 Am
966 2672 975 2698 :
1031 2658 1113 2698 hae
1133 2658 1244 2710 vulg.
1440 2669 1464 2707 7
1496 2657 1684 2698 indicant
1705 2656 1816 2698 codd.
1827 2658 1918 2708 fere

244 2723 410 2751 omnes:
428 2712 647 2752 vindicant
661 2711 773 2753 codd.
787 2712 867 2764 Lg.
884 2726 967 2752 non
987 2714 1097 2752 nulli
1202 2718 1423 2753 arcessunt
1436 2713 1520 2751 sive
1529 2718 1751 2752 accersunt
1766 2713 1878 2766 vulg.
1903 2727 1914 2751 ε

243 2763 585 2806 arcesseruntM
714 2780 744 2818 9
773 2766 1072 2808 Similitudinis
1096 2799 1104 2808 .
1126 2797 1137 2808 .
1163 2798 1172 2807 .
1194 2768 1445 2818 repudiatur
1467 2767 1557 2807 incl.
1585 2765 1718 2817 Sorof
1864 2778 1909 2806 11

244 2826 503 2870 agnoscetur
521 2819 583 2860 Le
717 2822 767 2861 18
796 2821 984 2872 largifico
1005 2821 1116 2862 codd.
1140 2837 1149 2862 z
1179 2822 1371 2872 largifluo
1389 2821 1479 2862 edd.
1505 2825 1594 2861 vett.
1618 2822 1729 2873 vulg.
1859 2833 1912 2860 22

243 2875 333 2914 sive
354 2874 453 2915 facti
471 2873 564 2914 HA
590 2888 725 2927 marg.
744 2890 755 2915 ε
782 2876 822 2919 si
842 2875 940 2916 facti
960 2875 1003 2914 A
1026 2876 1065 2915 lo
1083 2888 1136 2927 32
1281 2878 1334 2915 26
1364 2876 1400 2915 is
1419 2889 1466 2916 se
1486 2875 1637 2916 Pearce
1655 2891 1664 2916 :
1692 2876 1774 2916 iste
1794 2874 1906 2915 codd.

242 2933 381 2969 vestet
401 2927 456 2967 M
557 2942 689 2980 saepe
710 2928 764 2968 M
868 2943 915 2970 se
936 2930 1035 2970 dolo
1056 2930 1203 2971 Osann
1225 2945 1235 2972 z
1268 2929 1417 2970 sedulo
1431 2929 1545 2971 codd.
1683 2930 1737 2971 28
1765 2929 1911 2971 emissi

244 2982 282 3023 L
305 2983 418 3036 vulg.
541 2996 595 3035 29
623 2985 783 3036 exponi
802 2984 857 3026 M
873 2999 883 3025 :
912 2984 1093 3036 exprimi
1114 2985 1225 3037 vulg.
