2150 3444
127 164 196 210 30
222 165 294 210 131
779 154 847 201 M.
886 154 1097 201 TVLLI
1135 154 1518 203 CICERONIS

313 289 360 338 ei
383 290 478 339 loci
502 292 768 355 proderunt
793 290 874 351 illi,
902 309 961 340 ex
985 290 1163 355 quibus
1190 300 1476 354 argumenta
1499 301 1788 355 promuntur
1810 311 1820 342 z
1857 293 1968 342 sub-

311 380 423 419 acto
458 371 578 420 mihi
613 371 809 436 ingenio
845 389 970 435 opus
1005 381 1095 431 est,
1130 381 1183 420 ut
1217 389 1333 435 agro
1370 389 1473 421 non
1509 375 1660 422 semel
1696 383 1845 434 arato,
1879 374 1968 423 sed

313 447 516 515 [novato
544 448 614 516 et]
641 450 830 512 iterato,
859 468 958 514 quo
994 450 1219 500 meliores
1254 453 1380 500 fetus
1416 451 1570 516 possit
1605 461 1654 501 et
1687 451 1968 516 grandiores

228 583 232 586 ,
311 531 491 591 edere;
548 531 770 580 subactio
817 541 982 581 autem
1031 541 1103 581 est
1150 549 1283 593 usus,
1320 531 1526 594 auditio,
1566 531 1730 593 lectio,
1765 532 1964 582 litterae.

213 625 287 665 132
311 612 388 660 Ac
424 610 636 675 primum
678 621 902 660 naturam
937 629 1113 661 causae
1149 612 1329 673 videat,
1364 630 1492 676 quae
1526 629 1799 676 numquam
1833 614 1964 674 latet,
1991 631 2014 673 5

308 695 558 744 factumne
582 694 643 743 sit
667 705 940 759 quaeratur,
960 713 1023 744 an
1048 698 1191 758 quale
1211 695 1284 756 sit,
1306 713 1369 744 an
1391 696 1527 759 quod
1550 712 1735 744 nomen
1758 695 1968 756 habeat3

307 792 408 840 quo
445 785 701 840 perspecto
740 775 900 825 statim
942 776 1151 826 occurrit
1188 770 1396 826 naturali
1435 778 1651 840 quadam
1691 775 1969 840 prudentia,

306 873 409 906 non
466 856 542 905 his
600 856 1025 918 subductionibus‚
1081 874 1202 921 quas
1257 857 1336 906 isti
1394 860 1590 919 docent,
1645 857 1766 921 quid
1822 856 1968 907 faciat

306 954 522 998 causam,
553 937 605 986 id
641 946 727 997 est,
759 954 859 1001 quo
896 938 1089 987 sublato
1124 938 1454 988 controversia
1485 948 1611 988 stare
1643 956 1745 987 non
1779 937 1934 1003 possit
1951 955 1968 1001 3

305 1018 486 1068 deinde
512 1017 632 1081 quid
655 1018 819 1067 veniat
854 1018 905 1066 in
940 1018 1206 1068 iudicium:
1243 1021 1379 1082 quod
1414 1019 1494 1068 isti
1526 1019 1595 1068 sic
1626 1019 1799 1069 iubent
1823 1036 1966 1083 quae·
1992 1041 2044 1072 10

305 1115 441 1147 rere:
488 1097 729 1147 interfecit
765 1097 994 1161 Opimius
1036 1101 1329 1148 Gracchum.
1404 1099 1542 1161 Quid
1579 1099 1694 1149 facit
1729 1102 1968 1150 causam?

307 1181 459 1241 Quod
483 1179 551 1229 rei
575 1179 803 1244 publicae
827 1197 987 1240 causa,
1016 1197 1129 1229 cum
1162 1198 1221 1230 ex
1256 1190 1454 1230 senatus
1487 1183 1714 1230 consulto
1737 1182 1803 1231 ad
1833 1198 1968 1232 arma

304 1270 538 1310 vocasset.
614 1263 731 1310 Hoc
768 1263 898 1321 tolle,
937 1278 1084 1310 causa
1121 1279 1222 1311 non
1257 1261 1358 1311 erit.
1431 1264 1499 1311 At
1536 1261 1588 1312 id
1625 1261 1788 1326 ipsum
1821 1270 1969 1325 negat

304 1351 475 1392 contra
519 1344 651 1407 leges
698 1341 893 1392 licuisse
941 1343 1138 1392 Decius.
1211 1343 1391 1393 Veniet
1437 1343 1581 1408 igitur
1626 1343 1678 1392 in
1728 1342 1966 1393 iudicium

304 1422 556 1473 licueritne
581 1440 640 1472 ex
668 1432 865 1472 senatus
890 1426 1117 1473 consulto
1153 1426 1420 1475 servandae
1451 1424 1520 1475 rei
1552 1424 1779 1489 publicae
1801 1441 1962 1475 causa.
1991 1446 2040 1488 15

304 1503 567 1568 Perspicua
604 1512 719 1553 sunt
756 1506 879 1554 haec
917 1504 1119 1568 quidem
1157 1515 1206 1555 et
1240 1505 1292 1554 in
1327 1506 1512 1569 vulgari
1549 1505 1808 1570 prudentia
1840 1506 1934 1556 sita
1950 1524 1967 1569 ;

305 1588 393 1637 sed
430 1586 512 1636 illa
553 1589 849 1651 quaerenda,
891 1604 1017 1650 quae
1050 1596 1098 1636 et
1134 1588 1199 1636 ab
1235 1597 1520 1637 accusatore
1560 1597 1610 1637 et
1645 1605 1676 1637 a
1709 1589 1967 1639 defensore

304 1677 591 1732 argumenta
613 1670 678 1718 ad
703 1668 767 1729 id,
796 1670 932 1732 quod
964 1668 1015 1717 in
1051 1668 1288 1718 iudicium
1312 1669 1458 1730 venit,
1487 1668 1758 1732 spectantia
1779 1669 1966 1719 debent

304 1749 492 1799 adferri.
566 1752 731 1813 Atque
764 1749 844 1798 hic
875 1749 997 1799 illud
1021 1750 1292 1800 videndum
1317 1759 1406 1811 est,
1429 1750 1480 1799 in
1509 1767 1610 1814 quo
1641 1767 1863 1800 summus
1890 1758 1965 1800 est

303 1847 434 1879 error
456 1830 660 1879 istorum
686 1830 1044 1893 magistrorum,
1059 1832 1123 1880 ad
1143 1848 1267 1894 quos
1293 1831 1472 1880 liberos
1491 1840 1684 1880 nostros
1708 1830 1961 1893 mittimus,
1989 1853 2039 1882 20

302 1927 404 1960 non
437 1927 536 1974 quo
565 1912 661 1959 hoc
694 1910 896 1974 quidem
929 1912 993 1959 ad
1028 1911 1295 1960 dicendum
1333 1928 1512 1975 magno
1537 1928 1684 1975 opere
1707 1911 1964 1975 pertineat,

301 1991 389 2040 sed
425 1999 591 2039 tamen
620 1999 674 2039 ut
706 1990 927 2051 videatis,
953 1993 1097 2054 quale
1130 1991 1191 2043 sit
1225 2009 1379 2055 genus
1412 1994 1508 2041 hoc
1541 2008 1728 2053 eorum,
1752 1991 1838 2055 qui
1868 1990 1963 2042 sibi

301 2071 477 2122 eruditi
493 2071 732 2139 videntur.
787 2073 960 2121 Hebes
980 2081 1129 2136 atque
1149 2072 1457 2137 impolitum:
1499 2072 1805 2122 constituunt
1828 2072 1962 2122 enim
2022 2114 2025 2119 .

301 2152 351 2201 in
375 2152 641 2216 partiendis
667 2152 944 2201 orationum
969 2153 1130 2202 modis
1155 2155 1257 2203 duo
1280 2171 1459 2218 genera
1482 2170 1767 2203 causarum:
1803 2170 1960 2203 unum

299 2236 563 2298 appellant,
579 2233 630 2282 in
655 2251 755 2297 quo
781 2233 885 2283 sine
910 2234 1130 2298 personis
1149 2244 1297 2299 atque
1316 2234 1619 2299 temporibus
1644 2237 1708 2285 de
1731 2234 1959 2285 universo
1985 2251 2032 2293 25
2070 2301 2074 2304 Δ

299 2331 476 2378 genere
517 2323 809 2378 quaeratur3
856 2317 1076 2376 alterum,
1119 2312 1255 2379 quod
1302 2315 1522 2380 personis
1569 2315 1712 2366 certis
1753 2324 1802 2366 et
1841 2324 1961 2365 tem-

299 2395 500 2459 poribus
536 2394 829 2456 definiatur3
876 2395 1029 2460 ignari
1065 2397 1226 2446 omnis
1262 2396 1614 2447 controversias
1649 2398 1715 2446 ad
1749 2395 1961 2446 universi

198 2495 277 2540 134
298 2476 487 2541 generis
512 2476 611 2527 vim
631 2486 679 2526 et
698 2486 921 2526 naturam
942 2478 1103 2527 referri
1123 2497 1136 2539 ;
1172 2496 1288 2532 nam
1323 2478 1374 2527 in
1394 2496 1452 2528 ea
1475 2478 1581 2542 ipsa
1598 2495 1762 2539 causa,
1780 2479 1844 2528 de
1863 2495 1962 2542 qua

297 2567 411 2608 ante
454 2557 569 2619 dixi,
606 2557 728 2606 nihil
771 2558 980 2622 pertinet
1015 2560 1079 2609 ad
1116 2558 1319 2609 oratoris
1359 2561 1496 2610 locos
1529 2558 1699 2624 Opimi
1733 2574 1959 2623 persona,

227 1720 284 1767 31

202 1795 281 1840 133

350 2687 403 2726 M
420 2706 454 2719 =
475 2687 614 2726 ΑΕΗ
834 2703 858 2728 2
888 2689 965 2729 sed
1007 2694 1162 2729 novato
1205 2703 1287 2729 om.
1322 2689 1393 2728 M:
1451 2694 1604 2729 novato
1643 2694 1687 2728 et
1728 2701 1810 2728 om.
1844 2686 1954 2727 Leid.

295 2743 322 2780 8
341 2742 652 2783 subactionibus
670 2742 723 2782 M
833 2757 882 2782 10
903 2743 1005 2794 quid
1029 2775 1037 2783 .
1063 2773 1071 2783 .
1099 2774 1108 2783 .
1137 2744 1371 2783 Gracchum
1393 2757 1474 2783 om.
1496 2743 1550 2782 M
1659 2754 1708 2792 13
1738 2743 1781 2782 id
1804 2755 1887 2783 om.
1908 2741 1963 2780 M

294 2801 451 2846 negant
481 2797 533 2835 M
768 2810 815 2846 14
846 2799 921 2837 sed
953 2798 1099 2836 ecuius
1127 2797 1216 2835 AE
1232 2812 1242 2839 ε
1282 2796 1414 2837 s’ecui
1443 2798 1496 2836 H
1659 2809 1707 2846 17
1736 2811 1761 2836 a
1792 2809 1876 2836 om.
1908 2793 1963 2838 Μ

299 2852 348 2889 18
377 2851 587 2900 spectanti
619 2850 672 2890 M
853 2864 905 2890 22
934 2851 1058 2900 quale
1088 2850 1159 2892 M:
1201 2864 1326 2901 quarn
1358 2852 1394 2891 L
1425 2853 1535 2903 vulg.
1730 2862 1782 2900 25
1810 2849 1957 2901 appel-

294 2904 408 2943 landi
428 2903 481 2943 M
643 2917 697 2956 29
727 2905 832 2945 nihil
864 2905 1050 2956 pertinet
1078 2904 1116 2943 L
1147 2907 1281 2958 vulga:
1311 2919 1366 2946 ne
1395 2907 1609 2957 pertineat
1636 2903 1690 2943 M
1807 2903 1956 2955 optimi
1994 2925 1997 2928 ·

295 2971 497 3010 personas
518 2958 571 2997 M
