2150 3444
159 152 214 200 14
233 159 285 200 54

773 140 841 187 M.
881 139 1091 187 TVLLI
1130 136 1512 187 CICERONIS

311 295 416 329 esse
446 279 775 328 tribuendum.
852 279 965 340 Qua
990 294 1039 326 re
1070 276 1230 325 omnis
1264 275 1383 326 istos
1415 293 1495 325 me
1527 285 1728 328 auctore
1750 276 1973 328 deridete

309 369 457 423 atque
487 359 803 419 contemnite,
832 358 917 421 qui
954 375 1005 407 se
1041 359 1230 417 horum,
1258 356 1344 420 qui
1380 373 1513 406 nunc
1548 357 1616 407 ita
1649 361 1974 424 appellantur,

310 441 558 488 rhetorum
592 438 862 502 praeceptis
893 454 1092 487 omnem
1129 437 1389 487 oratoriam
1418 437 1518 487 vim
1546 440 1831 502 complexos
1865 453 1974 490 esse

309 519 601 568 arbitrantur
629 535 791 582 neque
826 519 990 567 adhuc
1022 534 1171 581 quam
1207 534 1469 581 personam
1504 526 1705 568 teneant
1735 528 1821 569 aut
1852 518 1974 584 quid

310 600 629 663 profiteantur
653 598 932 661 intellegere
962 605 1239 661 potuerunt.
1312 600 1446 648 Vero
1469 598 1602 648 enirn
1627 598 1823 662 oratori,
1846 615 1975 664 quae
1994 615 2019 666 5

312 687 424 728 sunt
450 679 501 728 in
534 678 792 728 hominum
816 678 931 739 vita,
956 677 1363 741 quandoquidem
1395 678 1447 727 in
1479 695 1538 728 ea
1567 687 1784 729 versatur
1813 688 1976 730 orator

311 767 459 822 atque
496 775 554 808 ea
589 767 662 808 est
698 757 742 808 ei
778 758 998 807 subiecta
1039 758 1281 819 materieS,
1317 757 1484 808 omnia
1519 759 1756 822 quaesita,
1790 759 1976 823 audita,

237 851 287 894 55
311 840 452 899 lecta,
501 838 763 902 disputata,
801 846 1020 898 tractata,
1061 838 1240 902 agitata
1279 854 1387 888 esse
1433 839 1631 889 debent.
1706 841 1797 890 Est
1840 840 1974 891 enirn

239 1612 293 1729 ἒξ
317 1646 483 1704 Hanc,
507 1643 723 1706 inquam,
753 1643 1000 1707 cogitandi
1032 1643 1483 1708 pronuntiandique
1513 1645 1754 1695 rationem
1775 1645 1976 1711 vimque

311 919 592 983 eloquentia
624 935 723 967 una
755 920 1000 982 quaedam
1029 919 1093 968 de
1117 918 1321 968 summis
1345 919 1603 970 virtutibus
1623 938 1638 982 3
1671 936 1974 985 quamquam

311 1008 424 1048 sunt
449 1015 621 1048 omnes
646 998 846 1047 virtutes
878 1000 1106 1061 aequales
1143 1008 1191 1048 et
1224 1016 1380 1062 pareS,
1405 1001 1493 1048 sed
1522 1008 1690 1050 tamen
1713 1010 1787 1051 est
1810 1002 1974 1067 specie
1999 1019 2049 1048 10

309 1079 404 1128 alia
450 1078 603 1143 magis
644 1078 738 1127 alia
779 1080 993 1127 formosa
1034 1087 1082 1128 et
1128 1078 1358 1141 inlustris,
1397 1079 1521 1129 sicut
1558 1082 1682 1130 haec
1721 1081 1807 1143 viS,
1847 1098 1975 1146 quae

312 1159 566 1208 scientiam
592 1160 848 1222 complexa
871 1175 1031 1208 rerum
1058 1175 1201 1209 sensa
1224 1158 1403 1209 mentis
1428 1168 1476 1222 et
1500 1159 1706 1221 consilia
1727 1160 1798 1211 sic
1814 1162 1975 1212 verbis

311 1240 535 1303 explicat,
564 1248 617 1289 ut
653 1256 756 1299 eOS,
788 1238 873 1303 qui
903 1238 1127 1299 audiant,
1153 1255 1470 1302 quocumque
1504 1239 1793 1302 incubuerit,
1819 1242 1976 1306 possit

310 1320 560 1384 impellere
577 1338 590 1381 3
627 1336 753 1383 quae
787 1336 887 1382 quo
920 1319 1074 1369 maior
1110 1328 1183 1369 est
1206 1319 1295 1381 vis,
1319 1322 1416 1370 hoc
1453 1329 1526 1370 est
1554 1320 1708 1385 magis
1731 1321 1975 1386 probitate

311 1401 559 1463 iungenda
597 1416 888 1462 summaque
935 1399 1195 1463 prudentia
1221 1417 1234 1459 3
1286 1416 1493 1463 quarum
1533 1399 1785 1458 virtutum.
1811 1419 1975 1467 exper-
1998 1422 2046 1464 15

313 1482 442 1530 tibus
474 1481 513 1529 si
549 1480 747 1530 dicendi
784 1479 978 1543 copiam
1014 1479 1369 1540 tradiderimuS,
1398 1497 1500 1530 non
1532 1497 1617 1531 eos
1641 1481 1845 1545 quidem
1873 1499 1975 1533 ora-

314 1571 441 1611 tores
473 1561 790 1620 effecerimuS,
818 1562 905 1610 sed
937 1560 1210 1610 furentibus
1235 1562 1480 1624 quaedam
1511 1578 1646 1614 arma
1677 1563 1975 1616 dederimus.

314 1724 514 1773 dicendi
555 1733 740 1773 veteres
784 1723 959 1773 Graeci
1007 1723 1296 1787 sapientiam
1338 1724 1662 1775 nominabant
1678 1744 1692 1787 3
1743 1726 1861 1777 hinc
1906 1727 1976 1777 illi
2043 1728 2048 1732 ’

314 1803 533 1867 Lycurgi,
558 1804 672 1853 hinc
698 1803 884 1864 Pittaci,
909 1803 1023 1853 hinc
1049 1806 1255 1854 Solones
1279 1813 1427 1868 atque
1450 1807 1514 1855 ab
1539 1808 1632 1856 hac
1655 1806 1975 1858 similitudine
1998 1825 2048 1860 πο.

315 1884 614 1935 Coruncanii
645 1884 816 1945 nostri,
841 1884 1062 1944 Fabricii,
1091 1886 1321 1945 Catones,
1350 1885 1604 1949 Scipiones
1636 1889 1843 1949 fuerunt,
1871 1905 1974 1938 non

313 1975 414 2014 tam
450 1967 652 2015 fortasse
688 1965 835 2024 docti,
875 1967 963 2015 sed
998 1965 1185 2029 impetu
1223 1966 1400 2016 mentis
1437 1966 1582 2016 simili
1620 1977 1669 2018 et
1706 1971 1970 2020 voluntate.

315 2047 506 2096 Eadem
541 2055 707 2096 autem
744 2046 824 2095 alii
866 2046 1138 2110 prudentia,
1177 2048 1265 2105 sed
1304 2047 1511 2097 consilio
1547 2050 1612 2098 ad
1647 2049 1775 2100 vitae
1813 2051 1974 2101 studia

313 2126 493 2190 dispari
529 2126 746 2190 quietem
781 2136 929 2190 atque
965 2127 1122 2176 otium
1158 2128 1326 2189 secuti,
1361 2138 1414 2178 ut
1448 2132 1759 2194 PythagoraS,
1794 2134 1974 2182 Demo-

312 2210 477 2270 critus,
501 2211 827 2272 Anaxagoras,
855 2225 884 2257 a
913 2209 1137 2273 regendis
1170 2209 1447 2260 civitatibus
1484 2220 1615 2262 totos
1647 2228 1699 2262 se
1723 2214 1788 2263 ad
1812 2213 1975 2278 cogni·
1991 2229 2046 2282 ‚25
2076 2203 2078 2205 i

312 2291 499 2340 tionem
538 2306 697 2339 rerum
738 2294 1117 2352 transtulerunt3
1170 2309 1296 2355 quae
1338 2292 1436 2341 vita
1476 2302 1674 2358 propter
1711 2294 1975 2359 tranquilli-

313 2362 464 2420 tatem
500 2380 548 2419 et
584 2379 779 2434 propter
814 2371 966 2437 ipsius
1005 2373 1237 2423 scientiae
1272 2374 1573 2436 suavitatem,
1613 2391 1711 2439 qua
1745 2374 1867 2424 nihil
1901 2383 1975 2425 est

317 2452 600 2501 hominibus
630 2452 905 2514 iucundius,
933 2455 1096 2519 pluris,
1125 2473 1274 2520 quam
1306 2456 1423 2506 utile
1458 2456 1549 2505 fuit
1580 2457 1726 2506 rebus
1748 2455 1972 2521 publicis,

243 2536 294 2582 57
317 2533 589 2582 delectavit.
665 2537 851 2598 Itaque,
880 2544 934 2584 ut
963 2536 1007 2585 ei
1040 2536 1203 2586 studio
1239 2553 1291 2585 se
1327 2535 1975 2600 excellentissimisingeniis

316 2615 542 2664 homines
575 2616 883 2676 dediderunt,
911 2634 969 2666 ex
1001 2634 1058 2666 ea
1087 2634 1279 2666 summa
1313 2618 1542 2666 facultate
1565 2615 1707 2665 vacui
1740 2633 1799 2665 ac
1833 2615 1972 2665 liberi
1993 2633 2049 2675 30

316 2696 548 2759 temporis
568 2699 723 2746 multo
747 2700 898 2761 plura,
917 2714 1066 2761 quam
1091 2706 1191 2746 erat
1215 2713 1428 2756 necesse,
1451 2695 1722 2746 doctissimi
1746 2695 1974 2744 homines

317 2776 418 2825 otio
443 2776 596 2826 nimio
621 2787 668 2827 et
692 2778 898 2841 ingeniis
923 2777 1178 2827 uberrimis
1210 2778 1484 2837 adfluentes
1508 2777 1725 2826 curanda
1746 2775 1842 2827 sibi
1865 2790 1972 2825 esse

371 2918 397 2955 3
426 2906 651 2945 oratoriam
679 2905 837 2945 seclusit
858 2905 969 2943 Bake
1147 2916 1172 2954 5
1201 2905 1357 2943 Verum
1377 2903 1414 2942 L
1435 2903 1548 2944 codd.
1563 2902 1747 2955 pleriqw
1833 2902 1835 2905 ’
1920 2914 1971 2941 10

317 2961 460 3012 specie
481 2965 623 3000 tamen
645 2966 710 2999 est
731 2960 812 2999 alia
831 2959 983 2998 Srhiitz
1165 2960 1214 2997 18
1242 2959 1410 3008 inquam
1431 2958 1542 3009 vulg.
1566 2971 1576 2998 :
1604 2969 1729 3007 quam
1749 2955 1864 3001 world-¹
