<?xml version="1.0" encoding="UTF-8"?>
<!DOCTYPE html PUBLIC "-//W3C//DTD XHTML 1.0 Transitional//EN"
    "http://www.w3.org/TR/xhtml1/DTD/xhtml1-transitional.dtd">
<html xmlns="http://www.w3.org/1999/xhtml" xml:lang="en" lang="en">
 <head>
  <title>
</title>
<meta http-equiv="Content-Type" content="text/html;charset=utf-8" />
  <meta name='ocr-system' content='tesseract 3.04.00' />
  <meta name='ocr-capabilities' content='ocr_page ocr_carea ocr_par ocr_line ocrx_word'/>
</head>
<body>
  <div class='ocr_page' id='page_1' title='image "./rhetoricarecogno01ciceuoft_0230.png"; bbox 0 0 2150 3444; ppageno 0'>
   <div class='ocr_carea' id='block_1_1' title="bbox 123 129 1503 192">
    <p class='ocr_par' dir='ltr' id='par_1_1' title="bbox 123 129 1503 192">
     <span class='ocr_line' id='line_1_1' title="bbox 123 129 1503 192; baseline -0.001 -13"><span class='ocrx_word' id='word_1_1' title='bbox 123 142 187 192; x_wconf 85' lang='lat'>33</span> <span class='ocrx_word' id='word_1_2' title='bbox 208 150 280 190; x_wconf 84' lang='lat'>132</span> <span class='ocrx_word' id='word_1_3' title='bbox 767 133 835 180; x_wconf 93' lang='lat' dir='ltr'>M.</span> <span class='ocrx_word' id='word_1_4' title='bbox 876 131 1088 180; x_wconf 88' lang='lat' dir='ltr'>TVLLI</span> <span class='ocrx_word' id='word_1_5' title='bbox 1123 129 1503 181; x_wconf 89' lang='lat' dir='ltr'>CICERONIS</span> 
     </span>
    </p>
   </div>
   <div class='ocr_carea' id='block_1_2' title="bbox 197 268 2035 2593">
    <p class='ocr_par' dir='ltr' id='par_1_2' title="bbox 197 268 2035 2593">
     <span class='ocr_line' id='line_1_2' title="bbox 309 268 1957 333; baseline 0.001 -16"><span class='ocrx_word' id='word_1_6' title='bbox 309 268 469 328; x_wconf 90' lang='lat' dir='ltr'>fuisse,</span> <span class='ocrx_word' id='word_1_7' title='bbox 507 278 560 319; x_wconf 90' lang='lat' dir='ltr'>ut</span> <span class='ocrx_word' id='word_1_8' title='bbox 596 287 743 319; x_wconf 91' lang='lat' dir='ltr'>nemo</span> <span class='ocrx_word' id='word_1_9' title='bbox 772 286 925 333; x_wconf 87' lang='lat' dir='ltr'>genus</span> <span class='ocrx_word' id='word_1_10' title='bbox 965 268 1243 317; x_wconf 90' lang='lat' dir='ltr'>universum</span> <span class='ocrx_word' id='word_1_11' title='bbox 1280 269 1686 331; x_wconf 87' lang='lat' dir='ltr'>complecteretur</span> <span class='ocrx_word' id='word_1_12' title='bbox 1720 276 1869 332; x_wconf 88' lang='lat' dir='ltr'>atque</span> <span class='ocrx_word' id='word_1_13' title='bbox 1894 274 1957 318; x_wconf 84' lang='lat' dir='ltr'>ut</span> 
     </span>
     <span class='ocr_line' id='line_1_3' title="bbox 210 347 1959 413; baseline -0.002 -12"><span class='ocrx_word' id='word_1_14' title='bbox 210 361 286 401; x_wconf 82' lang='lat'>133</span> <span class='ocrx_word' id='word_1_15' title='bbox 309 349 431 398; x_wconf 90' lang='lat' dir='ltr'>alius</span> <span class='ocrx_word' id='word_1_16' title='bbox 456 349 598 398; x_wconf 89' lang='lat' dir='ltr'>aliam</span> <span class='ocrx_word' id='word_1_17' title='bbox 626 350 718 399; x_wconf 88' lang='lat' dir='ltr'>sibi</span> <span class='ocrx_word' id='word_1_18' title='bbox 742 359 929 413; x_wconf 90' lang='lat' dir='ltr'>partem</span> <span class='ocrx_word' id='word_1_19' title='bbox 955 349 1004 397; x_wconf 91' lang='lat' dir='ltr'>in</span> <span class='ocrx_word' id='word_1_20' title='bbox 1030 365 1127 412; x_wconf 90' lang='lat' dir='ltr'>qua</span> <span class='ocrx_word' id='word_1_21' title='bbox 1151 349 1420 397; x_wconf 83' lang='lat' dir='ltr'>elaboraret</span> <span class='ocrx_word' id='word_1_22' title='bbox 1445 351 1741 412; x_wconf 86' lang='lat' dir='ltr'>seponeret?</span> <span class='ocrx_word' id='word_1_23' title='bbox 1811 347 1959 412; x_wconf 87' lang='lat' dir='ltr'>Equi-</span> 
     </span>
     <span class='ocr_line' id='line_1_4' title="bbox 309 430 1957 494; baseline -0.002 -14"><span class='ocrx_word' id='word_1_24' title='bbox 309 432 425 480; x_wconf 92' lang='lat' dir='ltr'>dem</span> <span class='ocrx_word' id='word_1_25' title='bbox 458 447 603 494; x_wconf 87' lang='lat' dir='ltr'>saepe</span> <span class='ocrx_word' id='word_1_26' title='bbox 636 433 731 480; x_wconf 92' lang='lat' dir='ltr'>hoc</span> <span class='ocrx_word' id='word_1_27' title='bbox 767 430 931 479; x_wconf 91' lang='lat' dir='ltr'>audivi</span> <span class='ocrx_word' id='word_1_28' title='bbox 967 431 1030 478; x_wconf 92' lang='lat' dir='ltr'>de</span> <span class='ocrx_word' id='word_1_29' title='bbox 1062 438 1197 492; x_wconf 89' lang='lat' dir='ltr'>patre</span> <span class='ocrx_word' id='word_1_30' title='bbox 1226 438 1281 478; x_wconf 91' lang='lat' dir='ltr'>et</span> <span class='ocrx_word' id='word_1_31' title='bbox 1311 431 1375 479; x_wconf 94' lang='lat' dir='ltr'>de</span> <span class='ocrx_word' id='word_1_32' title='bbox 1404 445 1575 480; x_wconf 90' lang='lat' dir='ltr'>socero</span> <span class='ocrx_word' id='word_1_33' title='bbox 1611 445 1737 490; x_wconf 89' lang='lat' dir='ltr'>me0,</span> <span class='ocrx_word' id='word_1_34' title='bbox 1764 438 1957 479; x_wconf 89' lang='lat' dir='ltr'>nostros</span> 
     </span>
     <span class='ocr_line' id='line_1_5' title="bbox 307 509 1956 574; baseline -0.001 -14"><span class='ocrx_word' id='word_1_35' title='bbox 307 527 507 574; x_wconf 91' lang='lat' dir='ltr'>quoque</span> <span class='ocrx_word' id='word_1_36' title='bbox 553 511 793 571; x_wconf 83' lang='lat' dir='ltr'>homineS,</span> <span class='ocrx_word' id='word_1_37' title='bbox 843 511 928 574; x_wconf 91' lang='lat' dir='ltr'>qui</span> <span class='ocrx_word' id='word_1_38' title='bbox 969 512 1203 560; x_wconf 89' lang='lat' dir='ltr'>excellere</span> <span class='ocrx_word' id='word_1_39' title='bbox 1250 509 1517 574; x_wconf 84' lang='lat' dir='ltr'>sapientiae</span> <span class='ocrx_word' id='word_1_40' title='bbox 1565 509 1717 573; x_wconf 87' lang='lat' dir='ltr'>gloria</span> <span class='ocrx_word' id='word_1_41' title='bbox 1761 511 1956 570; x_wconf 90' lang='lat' dir='ltr'>vellent,</span> 
     </span>
     <span class='ocr_line' id='line_1_6' title="bbox 307 589 2005 656; baseline 0.001 -17"><span class='ocrx_word' id='word_1_42' title='bbox 307 591 491 652; x_wconf 88' lang='lat' dir='ltr'>omnia,</span> <span class='ocrx_word' id='word_1_43' title='bbox 525 609 652 655; x_wconf 88' lang='lat' dir='ltr'>quae</span> <span class='ocrx_word' id='word_1_44' title='bbox 687 592 889 656; x_wconf 91' lang='lat' dir='ltr'>quidem</span> <span class='ocrx_word' id='word_1_45' title='bbox 925 600 1030 640; x_wconf 91' lang='lat' dir='ltr'>tum</span> <span class='ocrx_word' id='word_1_46' title='bbox 1069 593 1191 640; x_wconf 91' lang='lat' dir='ltr'>haec</span> <span class='ocrx_word' id='word_1_47' title='bbox 1227 590 1395 639; x_wconf 89' lang='lat' dir='ltr'>civitas</span> <span class='ocrx_word' id='word_1_48' title='bbox 1431 599 1616 651; x_wconf 90' lang='lat' dir='ltr'>nosset,</span> <span class='ocrx_word' id='word_1_49' title='bbox 1647 589 1816 640; x_wconf 91' lang='lat' dir='ltr'>solitos</span> <span class='ocrx_word' id='word_1_50' title='bbox 1851 606 1959 640; x_wconf 89' lang='lat' dir='ltr'>esse</span> <span class='ocrx_word' id='word_1_51' title='bbox 1980 603 2005 645; x_wconf 86' lang='lat'><strong>5</strong></span> 
     </span>
     <span class='ocr_line' id='line_1_7' title="bbox 308 671 1960 735; baseline 0 -15"><span class='ocrx_word' id='word_1_52' title='bbox 308 673 584 735; x_wconf 89' lang='lat' dir='ltr'>complecti.</span> <span class='ocrx_word' id='word_1_53' title='bbox 704 673 1035 723; x_wconf 88' lang='lat' dir='ltr'>Meminerant</span> <span class='ocrx_word' id='word_1_54' title='bbox 1099 672 1167 720; x_wconf 91' lang='lat' dir='ltr'>illi</span> <span class='ocrx_word' id='word_1_55' title='bbox 1228 675 1334 721; x_wconf 86' lang='lat' dir='ltr'>Sex.</span> <span class='ocrx_word' id='word_1_56' title='bbox 1397 671 1595 721; x_wconf 90' lang='lat' dir='ltr'>Aelium</span> <span class='ocrx_word' id='word_1_57' title='bbox 1611 689 1626 732; x_wconf 81' lang='lat'>3</span> <span class='ocrx_word' id='word_1_58' title='bbox 1698 672 1782 720; x_wconf 87' lang='grc' dir='ltr'>Μ’.</span> <span class='ocrx_word' id='word_1_59' title='bbox 1843 687 1960 720; x_wconf 91' lang='lat' dir='ltr'>vero</span> 
     </span>
     <span class='ocr_line' id='line_1_8' title="bbox 309 752 1960 812; baseline -0.001 -12"><span class='ocrx_word' id='word_1_60' title='bbox 309 752 571 801; x_wconf 90' lang='lat' dir='ltr'>Manilium</span> <span class='ocrx_word' id='word_1_61' title='bbox 596 770 687 803; x_wconf 92' lang='lat' dir='ltr'>nos</span> <span class='ocrx_word' id='word_1_62' title='bbox 720 754 869 803; x_wconf 91' lang='lat' dir='ltr'>etiam</span> <span class='ocrx_word' id='word_1_63' title='bbox 898 753 1110 803; x_wconf 91' lang='lat' dir='ltr'>vidimus</span> <span class='ocrx_word' id='word_1_64' title='bbox 1146 762 1421 802; x_wconf 91' lang='lat' dir='ltr'>transverso</span> <span class='ocrx_word' id='word_1_65' title='bbox 1449 753 1787 802; x_wconf 88' lang='lat' dir='ltr'>ambulantem</span> <span class='ocrx_word' id='word_1_66' title='bbox 1822 753 1929 800; x_wconf 87' lang='lat' dir='ltr'>foro</span> <span class='ocrx_word' id='word_1_67' title='bbox 1944 769 1960 812; x_wconf 81' lang='lat'>3</span> 
     </span>
     <span class='ocr_line' id='line_1_9' title="bbox 307 831 1960 897; baseline 0 -16"><span class='ocrx_word' id='word_1_68' title='bbox 307 835 443 895; x_wconf 92' lang='lat' dir='ltr'>quod</span> <span class='ocrx_word' id='word_1_69' title='bbox 479 842 580 882; x_wconf 92' lang='lat' dir='ltr'>erat</span> <span class='ocrx_word' id='word_1_70' title='bbox 615 834 806 897; x_wconf 86' lang='lat' dir='ltr'>insigne</span> <span class='ocrx_word' id='word_1_71' title='bbox 842 851 974 894; x_wconf 89' lang='lat' dir='ltr'>eum,</span> <span class='ocrx_word' id='word_1_72' title='bbox 1010 834 1095 897; x_wconf 92' lang='lat' dir='ltr'>qui</span> <span class='ocrx_word' id='word_1_73' title='bbox 1131 834 1182 882; x_wconf 92' lang='lat' dir='ltr'>id</span> <span class='ocrx_word' id='word_1_74' title='bbox 1218 836 1414 894; x_wconf 88' lang='lat' dir='ltr'>faceret,</span> <span class='ocrx_word' id='word_1_75' title='bbox 1442 835 1601 882; x_wconf 89' lang='lat' dir='ltr'>facere</span> <span class='ocrx_word' id='word_1_76' title='bbox 1636 832 1823 882; x_wconf 90' lang='lat' dir='ltr'>civibus</span> <span class='ocrx_word' id='word_1_77' title='bbox 1859 831 1960 881; x_wconf 89' lang='lat' dir='ltr'>suis</span> 
     </span>
     <span class='ocr_line' id='line_1_10' title="bbox 307 912 1959 978; baseline 0.001 -17"><span class='ocrx_word' id='word_1_78' title='bbox 307 913 538 962; x_wconf 92' lang='lat' dir='ltr'>omnibus</span> <span class='ocrx_word' id='word_1_79' title='bbox 572 914 745 963; x_wconf 89' lang='lat' dir='ltr'>consili</span> <span class='ocrx_word' id='word_1_80' title='bbox 770 914 845 963; x_wconf 90' lang='lat' dir='ltr'>sui</span> <span class='ocrx_word' id='word_1_81' title='bbox 869 914 1063 977; x_wconf 91' lang='lat' dir='ltr'>copiam</span> <span class='ocrx_word' id='word_1_82' title='bbox 1081 933 1095 975; x_wconf 65' lang='grc' dir='ltr'><strong><em>ς</em></strong></span> <span class='ocrx_word' id='word_1_83' title='bbox 1129 916 1193 964; x_wconf 92' lang='lat' dir='ltr'>ad</span> <span class='ocrx_word' id='word_1_84' title='bbox 1212 931 1336 978; x_wconf 92' lang='lat' dir='ltr'>quos</span> <span class='ocrx_word' id='word_1_85' title='bbox 1361 914 1480 964; x_wconf 92' lang='lat' dir='ltr'>olim</span> <span class='ocrx_word' id='word_1_86' title='bbox 1499 922 1547 963; x_wconf 93' lang='lat' dir='ltr'>et</span> <span class='ocrx_word' id='word_1_87' title='bbox 1571 913 1639 962; x_wconf 92' lang='lat' dir='ltr'>ita</span> <span class='ocrx_word' id='word_1_88' title='bbox 1661 912 1959 962; x_wconf 88' lang='lat' dir='ltr'>ambulantis</span> 
     </span>
     <span class='ocr_line' id='line_1_11' title="bbox 307 993 2035 1055; baseline -0.001 -14"><span class='ocrx_word' id='word_1_89' title='bbox 307 1002 355 1041; x_wconf 90' lang='lat' dir='ltr'>et</span> <span class='ocrx_word' id='word_1_90' title='bbox 379 994 430 1042; x_wconf 92' lang='lat' dir='ltr'>in</span> <span class='ocrx_word' id='word_1_91' title='bbox 455 994 579 1044; x_wconf 92' lang='lat' dir='ltr'>solio</span> <span class='ocrx_word' id='word_1_92' title='bbox 605 995 820 1044; x_wconf 91' lang='lat' dir='ltr'>sedentis</span> <span class='ocrx_word' id='word_1_93' title='bbox 845 995 982 1044; x_wconf 93' lang='lat' dir='ltr'>domi</span> <span class='ocrx_word' id='word_1_94' title='bbox 1007 995 1077 1044; x_wconf 92' lang='lat' dir='ltr'>sic</span> <span class='ocrx_word' id='word_1_95' title='bbox 1100 994 1344 1055; x_wconf 87' lang='lat' dir='ltr'>adibatur,</span> <span class='ocrx_word' id='word_1_96' title='bbox 1366 1011 1468 1043; x_wconf 91' lang='lat' dir='ltr'>non</span> <span class='ocrx_word' id='word_1_97' title='bbox 1501 996 1662 1043; x_wconf 92' lang='lat' dir='ltr'>solum</span> <span class='ocrx_word' id='word_1_98' title='bbox 1690 1002 1744 1043; x_wconf 91' lang='lat' dir='ltr'>ut</span> <span class='ocrx_word' id='word_1_99' title='bbox 1768 995 1832 1044; x_wconf 93' lang='lat' dir='ltr'>de</span> <span class='ocrx_word' id='word_1_100' title='bbox 1855 993 1959 1043; x_wconf 91' lang='lat' dir='ltr'>iure</span> <span class='ocrx_word' id='word_1_101' title='bbox 1984 1009 2035 1040; x_wconf 78' lang='grc' dir='ltr'>ιο</span> 
     </span>
     <span class='ocr_line' id='line_1_12' title="bbox 307 1073 1959 1136; baseline 0.002 -15"><span class='ocrx_word' id='word_1_102' title='bbox 307 1073 435 1122; x_wconf 90' lang='lat' dir='ltr'>civili</span> <span class='ocrx_word' id='word_1_103' title='bbox 471 1077 535 1123; x_wconf 90' lang='lat' dir='ltr'>ad</span> <span class='ocrx_word' id='word_1_104' title='bbox 573 1092 676 1135; x_wconf 85' lang='lat' dir='ltr'>eOS,</span> <span class='ocrx_word' id='word_1_105' title='bbox 712 1092 881 1124; x_wconf 92' lang='lat' dir='ltr'>verum</span> <span class='ocrx_word' id='word_1_106' title='bbox 923 1075 1070 1124; x_wconf 90' lang='lat' dir='ltr'>etiam</span> <span class='ocrx_word' id='word_1_107' title='bbox 1111 1077 1175 1125; x_wconf 92' lang='lat' dir='ltr'>de</span> <span class='ocrx_word' id='word_1_108' title='bbox 1210 1075 1310 1124; x_wconf 91' lang='lat' dir='ltr'>filia</span> <span class='ocrx_word' id='word_1_109' title='bbox 1346 1077 1671 1136; x_wconf 89' lang='lat' dir='ltr'>conlocanda,</span> <span class='ocrx_word' id='word_1_110' title='bbox 1704 1076 1769 1124; x_wconf 93' lang='lat' dir='ltr'>de</span> <span class='ocrx_word' id='word_1_111' title='bbox 1802 1076 1959 1125; x_wconf 87' lang='lat' dir='ltr'>fundo</span> 
     </span>
     <span class='ocr_line' id='line_1_13' title="bbox 308 1154 1961 1219; baseline 0.001 -15"><span class='ocrx_word' id='word_1_112' title='bbox 308 1157 540 1216; x_wconf 89' lang='lat' dir='ltr'>emend0‚</span> <span class='ocrx_word' id='word_1_113' title='bbox 563 1157 627 1205; x_wconf 93' lang='lat' dir='ltr'>de</span> <span class='ocrx_word' id='word_1_114' title='bbox 651 1172 767 1219; x_wconf 87' lang='lat' dir='ltr'>agro</span> <span class='ocrx_word' id='word_1_115' title='bbox 791 1157 1022 1216; x_wconf 87' lang='lat' dir='ltr'>colendo,</span> <span class='ocrx_word' id='word_1_116' title='bbox 1045 1158 1109 1205; x_wconf 94' lang='lat' dir='ltr'>de</span> <span class='ocrx_word' id='word_1_117' title='bbox 1141 1156 1277 1204; x_wconf 90' lang='lat' dir='ltr'>omni</span> <span class='ocrx_word' id='word_1_118' title='bbox 1313 1155 1527 1219; x_wconf 92' lang='lat' dir='ltr'>denique</span> <span class='ocrx_word' id='word_1_119' title='bbox 1558 1164 1643 1204; x_wconf 91' lang='lat' dir='ltr'>aut</span> <span class='ocrx_word' id='word_1_120' title='bbox 1678 1154 1841 1204; x_wconf 87' lang='lat' dir='ltr'>officio</span> <span class='ocrx_word' id='word_1_121' title='bbox 1874 1163 1961 1205; x_wconf 87' lang='lat' dir='ltr'>aut</span> 
     </span>
     <span class='ocr_line' id='line_1_14' title="bbox 206 1236 1960 1300; baseline 0.001 -16"><span class='ocrx_word' id='word_1_122' title='bbox 206 1250 281 1291; x_wconf 83' lang='lat'>134</span> <span class='ocrx_word' id='word_1_123' title='bbox 306 1237 506 1300; x_wconf 87' lang='lat' dir='ltr'>negotio</span> <span class='ocrx_word' id='word_1_124' title='bbox 535 1239 802 1287; x_wconf 89' lang='lat' dir='ltr'>referretur.</span> <span class='ocrx_word' id='word_1_125' title='bbox 878 1239 1022 1286; x_wconf 92' lang='lat' dir='ltr'>Haec</span> <span class='ocrx_word' id='word_1_126' title='bbox 1057 1237 1147 1286; x_wconf 90' lang='lat' dir='ltr'>fuit</span> <span class='ocrx_word' id='word_1_127' title='bbox 1183 1239 1234 1286; x_wconf 90' lang='lat' dir='ltr'>P.</span> <span class='ocrx_word' id='word_1_128' title='bbox 1264 1236 1427 1287; x_wconf 89' lang='lat' dir='ltr'>Crassi</span> <span class='ocrx_word' id='word_1_129' title='bbox 1462 1236 1589 1285; x_wconf 91' lang='lat' dir='ltr'>illius</span> <span class='ocrx_word' id='word_1_130' title='bbox 1624 1236 1814 1297; x_wconf 91' lang='lat' dir='ltr'>veteris,</span> <span class='ocrx_word' id='word_1_131' title='bbox 1836 1237 1960 1286; x_wconf 89' lang='lat' dir='ltr'>haec</span> 
     </span>
     <span class='ocr_line' id='line_1_15' title="bbox 306 1316 1962 1382; baseline 0.001 -16"><span class='ocrx_word' id='word_1_132' title='bbox 306 1317 381 1367; x_wconf 90' lang='lat' dir='ltr'>Ti.</span> <span class='ocrx_word' id='word_1_133' title='bbox 422 1318 722 1379; x_wconf 89' lang='lat' dir='ltr'>Coruncani,</span> <span class='ocrx_word' id='word_1_134' title='bbox 759 1319 882 1369; x_wconf 91' lang='lat' dir='ltr'>haec</span> <span class='ocrx_word' id='word_1_135' title='bbox 922 1318 1091 1381; x_wconf 90' lang='lat' dir='ltr'>proavi</span> <span class='ocrx_word' id='word_1_136' title='bbox 1127 1318 1293 1381; x_wconf 85' lang='lat' dir='ltr'>generi</span> <span class='ocrx_word' id='word_1_137' title='bbox 1334 1317 1432 1368; x_wconf 91' lang='lat' dir='ltr'>mei</span> <span class='ocrx_word' id='word_1_138' title='bbox 1467 1316 1710 1382; x_wconf 88' lang='lat' dir='ltr'>Scipionis</span> <span class='ocrx_word' id='word_1_139' title='bbox 1750 1318 1962 1382; x_wconf 86' lang='lat' dir='ltr'>pruden-</span> 
     </span>
     <span class='ocr_line' id='line_1_16' title="bbox 305 1397 2034 1463; baseline -0.001 -16"><span class='ocrx_word' id='word_1_140' title='bbox 305 1398 479 1447; x_wconf 90' lang='lat' dir='ltr'>tissimi</span> <span class='ocrx_word' id='word_1_141' title='bbox 530 1399 746 1449; x_wconf 91' lang='lat' dir='ltr'>hominis</span> <span class='ocrx_word' id='word_1_142' title='bbox 794 1399 1049 1462; x_wconf 84' lang='lat' dir='ltr'>sapientia,</span> <span class='ocrx_word' id='word_1_143' title='bbox 1095 1399 1180 1463; x_wconf 93' lang='lat' dir='ltr'>qui</span> <span class='ocrx_word' id='word_1_144' title='bbox 1226 1415 1400 1449; x_wconf 92' lang='lat' dir='ltr'>omnes</span> <span class='ocrx_word' id='word_1_145' title='bbox 1444 1398 1705 1462; x_wconf 90' lang='lat' dir='ltr'>pontifices</span> <span class='ocrx_word' id='word_1_146' title='bbox 1759 1397 1960 1447; x_wconf 87' lang='lat' dir='ltr'>maximi</span> <span class='ocrx_word' id='word_1_147' title='bbox 1986 1412 2034 1456; x_wconf 85' lang='lat'>15</span> 
     </span>
     <span class='ocr_line' id='line_1_17' title="bbox 304 1478 1959 1543; baseline 0.001 -16"><span class='ocrx_word' id='word_1_148' title='bbox 304 1480 519 1540; x_wconf 88' lang='lat' dir='ltr'>fuerunt,</span> <span class='ocrx_word' id='word_1_149' title='bbox 541 1488 595 1529; x_wconf 92' lang='lat' dir='ltr'>ut</span> <span class='ocrx_word' id='word_1_150' title='bbox 618 1481 683 1529; x_wconf 91' lang='lat' dir='ltr'>ad</span> <span class='ocrx_word' id='word_1_151' title='bbox 708 1496 793 1529; x_wconf 88' lang='lat' dir='ltr'>eos</span> <span class='ocrx_word' id='word_1_152' title='bbox 818 1482 881 1529; x_wconf 91' lang='lat' dir='ltr'>de</span> <span class='ocrx_word' id='word_1_153' title='bbox 906 1479 1136 1529; x_wconf 90' lang='lat' dir='ltr'>omnibus</span> <span class='ocrx_word' id='word_1_154' title='bbox 1160 1479 1338 1529; x_wconf 90' lang='lat' dir='ltr'>divinis</span> <span class='ocrx_word' id='word_1_155' title='bbox 1369 1488 1518 1543; x_wconf 89' lang='lat' dir='ltr'>atque</span> <span class='ocrx_word' id='word_1_156' title='bbox 1553 1478 1781 1534; x_wconf 87' lang='lat' dir='ltr'>humanis</span> <span class='ocrx_word' id='word_1_157' title='bbox 1812 1480 1959 1530; x_wconf 89' lang='lat' dir='ltr'>rebus</span> 
     </span>
     <span class='ocr_line' id='line_1_18' title="bbox 306 1560 1959 1626; baseline 0.002 -19"><span class='ocrx_word' id='word_1_158' title='bbox 306 1562 590 1621; x_wconf 68' lang='lat' dir='ltr'>referretur,</span> <span class='ocrx_word' id='word_1_159' title='bbox 638 1560 900 1624; x_wconf 77' lang='lat' dir='ltr'>eidemque</span> <span class='ocrx_word' id='word_1_160' title='bbox 947 1561 997 1609; x_wconf 94' lang='lat' dir='ltr'>in</span> <span class='ocrx_word' id='word_1_161' title='bbox 1045 1570 1217 1610; x_wconf 88' lang='lat' dir='ltr'>senatu</span> <span class='ocrx_word' id='word_1_162' title='bbox 1263 1571 1313 1610; x_wconf 92' lang='lat' dir='ltr'>et</span> <span class='ocrx_word' id='word_1_163' title='bbox 1356 1561 1491 1625; x_wconf 90' lang='lat' dir='ltr'>apud</span> <span class='ocrx_word' id='word_1_164' title='bbox 1537 1562 1779 1626; x_wconf 91' lang='lat' dir='ltr'>populum</span> <span class='ocrx_word' id='word_1_165' title='bbox 1812 1569 1863 1611; x_wconf 90' lang='lat' dir='ltr'>et</span> <span class='ocrx_word' id='word_1_166' title='bbox 1907 1561 1959 1611; x_wconf 91' lang='lat' dir='ltr'>in</span> 
     </span>
     <span class='ocr_line' id='line_1_19' title="bbox 305 1640 1959 1691; baseline 0.002 -3"><span class='ocrx_word' id='word_1_167' title='bbox 305 1640 463 1689; x_wconf 90' lang='lat' dir='ltr'>causis</span> <span class='ocrx_word' id='word_1_168' title='bbox 521 1640 793 1690; x_wconf 91' lang='lat' dir='ltr'>amicorum</span> <span class='ocrx_word' id='word_1_169' title='bbox 843 1650 891 1689; x_wconf 94' lang='lat' dir='ltr'>et</span> <span class='ocrx_word' id='word_1_170' title='bbox 949 1640 1086 1690; x_wconf 90' lang='lat' dir='ltr'>domi</span> <span class='ocrx_word' id='word_1_171' title='bbox 1143 1650 1192 1690; x_wconf 92' lang='lat' dir='ltr'>et</span> <span class='ocrx_word' id='word_1_172' title='bbox 1243 1640 1444 1690; x_wconf 90' lang='lat' dir='ltr'>militiae</span> <span class='ocrx_word' id='word_1_173' title='bbox 1501 1640 1762 1690; x_wconf 88' lang='lat' dir='ltr'>consilium</span> <span class='ocrx_word' id='word_1_174' title='bbox 1813 1657 1959 1691; x_wconf 90' lang='lat' dir='ltr'>suum</span> 
     </span>
     <span class='ocr_line' id='line_1_20' title="bbox 204 1721 1960 1786; baseline 0.004 -21"><span class='ocrx_word' id='word_1_175' title='bbox 204 1736 277 1776; x_wconf 85' lang='lat'>135</span> <span class='ocrx_word' id='word_1_176' title='bbox 306 1723 556 1784; x_wconf 89' lang='lat' dir='ltr'>fidemque</span> <span class='ocrx_word' id='word_1_177' title='bbox 613 1722 940 1785; x_wconf 87' lang='lat' dir='ltr'>praestabant.</span> <span class='ocrx_word' id='word_1_178' title='bbox 1037 1721 1174 1783; x_wconf 86' lang='lat' dir='ltr'>Quid</span> <span class='ocrx_word' id='word_1_179' title='bbox 1220 1721 1353 1771; x_wconf 91' lang='lat' dir='ltr'>enirn</span> <span class='ocrx_word' id='word_1_180' title='bbox 1413 1724 1484 1771; x_wconf 94' lang='lat' dir='ltr'>M.</span> <span class='ocrx_word' id='word_1_181' title='bbox 1536 1721 1716 1774; x_wconf 90' lang='lat' dir='ltr'>Catoni</span> <span class='ocrx_word' id='word_1_182' title='bbox 1769 1730 1960 1786; x_wconf 89' lang='lat' dir='ltr'>praeter</span> 
     </span>
     <span class='ocr_line' id='line_1_21' title="bbox 306 1801 2035 1866; baseline -0.001 -17"><span class='ocrx_word' id='word_1_183' title='bbox 306 1803 434 1850; x_wconf 89' lang='lat' dir='ltr'>hanc</span> <span class='ocrx_word' id='word_1_184' title='bbox 474 1801 816 1865; x_wconf 89' lang='lat' dir='ltr'>politissimam</span> <span class='ocrx_word' id='word_1_185' title='bbox 858 1801 1133 1851; x_wconf 92' lang='lat' dir='ltr'>doctrinam</span> <span class='ocrx_word' id='word_1_186' title='bbox 1173 1802 1546 1852; x_wconf 91' lang='lat' dir='ltr'>transmarinam</span> <span class='ocrx_word' id='word_1_187' title='bbox 1586 1811 1736 1866; x_wconf 91' lang='lat' dir='ltr'>atque</span> <span class='ocrx_word' id='word_1_188' title='bbox 1781 1804 1959 1853; x_wconf 86' lang='lat' dir='ltr'>adven·</span> <span class='ocrx_word' id='word_1_189' title='bbox 1983 1818 2035 1849; x_wconf 89' lang='lat'>20</span> 
     </span>
     <span class='ocr_line' id='line_1_22' title="bbox 304 1881 1958 1945; baseline 0.002 -17"><span class='ocrx_word' id='word_1_190' title='bbox 304 1881 470 1929; x_wconf 89' lang='lat' dir='ltr'>ticiam</span> <span class='ocrx_word' id='word_1_191' title='bbox 496 1881 687 1931; x_wconf 90' lang='lat' dir='ltr'>defuit?</span> <span class='ocrx_word' id='word_1_192' title='bbox 757 1884 911 1943; x_wconf 87' lang='lat' dir='ltr'>Num,</span> <span class='ocrx_word' id='word_1_193' title='bbox 934 1882 1051 1945; x_wconf 91' lang='lat' dir='ltr'>quia</span> <span class='ocrx_word' id='word_1_194' title='bbox 1084 1882 1159 1931; x_wconf 90' lang='lat' dir='ltr'>ius</span> <span class='ocrx_word' id='word_1_195' title='bbox 1195 1882 1335 1932; x_wconf 92' lang='lat' dir='ltr'>civile</span> <span class='ocrx_word' id='word_1_196' title='bbox 1369 1883 1626 1944; x_wconf 91' lang='lat' dir='ltr'>didicerat,</span> <span class='ocrx_word' id='word_1_197' title='bbox 1648 1899 1820 1932; x_wconf 90' lang='lat' dir='ltr'>causas</span> <span class='ocrx_word' id='word_1_198' title='bbox 1856 1899 1958 1938; x_wconf 87' lang='lat' dir='ltr'>non</span> 
     </span>
     <span class='ocr_line' id='line_1_23' title="bbox 304 1962 1959 2028; baseline 0.002 -18"><span class='ocrx_word' id='word_1_199' title='bbox 304 1962 538 2011; x_wconf 88' lang='lat' dir='ltr'>dicebat?</span> <span class='ocrx_word' id='word_1_200' title='bbox 571 1972 656 2011; x_wconf 91' lang='lat' dir='ltr'>aut</span> <span class='ocrx_word' id='word_1_201' title='bbox 695 1962 809 2026; x_wconf 89' lang='lat' dir='ltr'>quia</span> <span class='ocrx_word' id='word_1_202' title='bbox 848 1972 1039 2026; x_wconf 89' lang='lat' dir='ltr'>poterat</span> <span class='ocrx_word' id='word_1_203' title='bbox 1077 1963 1257 2024; x_wconf 88' lang='lat' dir='ltr'>dicere,</span> <span class='ocrx_word' id='word_1_204' title='bbox 1292 1963 1407 2012; x_wconf 89' lang='lat' dir='ltr'>iuris</span> <span class='ocrx_word' id='word_1_205' title='bbox 1448 1964 1704 2014; x_wconf 92' lang='lat' dir='ltr'>scientiam</span> <span class='ocrx_word' id='word_1_206' title='bbox 1739 1966 1959 2028; x_wconf 87' lang='lat' dir='ltr'>neglege-</span> 
     </span>
     <span class='ocr_line' id='line_1_24' title="bbox 303 2041 1958 2108; baseline 0.004 -19"><span class='ocrx_word' id='word_1_207' title='bbox 303 2041 425 2091; x_wconf 84' lang='lat' dir='ltr'>bat?</span> <span class='ocrx_word' id='word_1_208' title='bbox 494 2045 720 2106; x_wconf 91' lang='lat' dir='ltr'>Utroque</span> <span class='ocrx_word' id='word_1_209' title='bbox 745 2043 795 2091; x_wconf 91' lang='lat' dir='ltr'>in</span> <span class='ocrx_word' id='word_1_210' title='bbox 820 2059 998 2105; x_wconf 88' lang='lat' dir='ltr'>genere</span> <span class='ocrx_word' id='word_1_211' title='bbox 1030 2052 1079 2092; x_wconf 94' lang='lat' dir='ltr'>et</span> <span class='ocrx_word' id='word_1_212' title='bbox 1111 2042 1378 2093; x_wconf 90' lang='lat' dir='ltr'>elaboravit</span> <span class='ocrx_word' id='word_1_213' title='bbox 1413 2053 1462 2093; x_wconf 90' lang='lat' dir='ltr'>et</span> <span class='ocrx_word' id='word_1_214' title='bbox 1496 2044 1747 2108; x_wconf 90' lang='lat' dir='ltr'>praestitit.</span> <span class='ocrx_word' id='word_1_215' title='bbox 1820 2047 1958 2095; x_wconf 88' lang='lat' dir='ltr'>Num</span> 
     </span>
     <span class='ocr_line' id='line_1_25' title="bbox 301 2123 1956 2188; baseline 0.003 -18"><span class='ocrx_word' id='word_1_216' title='bbox 301 2131 500 2185; x_wconf 91' lang='lat' dir='ltr'>propter</span> <span class='ocrx_word' id='word_1_217' title='bbox 546 2125 675 2171; x_wconf 91' lang='lat' dir='ltr'>hanc</span> <span class='ocrx_word' id='word_1_218' title='bbox 722 2140 781 2172; x_wconf 88' lang='lat' dir='ltr'>ex</span> <span class='ocrx_word' id='word_1_219' title='bbox 827 2123 1127 2187; x_wconf 90' lang='lat' dir='ltr'>privatorum</span> <span class='ocrx_word' id='word_1_220' title='bbox 1174 2124 1383 2187; x_wconf 86' lang='lat' dir='ltr'>negotiis</span> <span class='ocrx_word' id='word_1_221' title='bbox 1429 2126 1707 2174; x_wconf 89' lang='lat' dir='ltr'>conlectam</span> <span class='ocrx_word' id='word_1_222' title='bbox 1751 2125 1956 2188; x_wconf 86' lang='lat' dir='ltr'>gratiam</span> 
     </span>
     <span class='ocr_line' id='line_1_26' title="bbox 301 2203 2030 2270; baseline 0.002 -19"><span class='ocrx_word' id='word_1_223' title='bbox 301 2203 483 2252; x_wconf 91' lang='lat' dir='ltr'>tardior</span> <span class='ocrx_word' id='word_1_224' title='bbox 501 2203 552 2251; x_wconf 93' lang='lat' dir='ltr'>in</span> <span class='ocrx_word' id='word_1_225' title='bbox 571 2221 620 2253; x_wconf 91' lang='lat' dir='ltr'>re</span> <span class='ocrx_word' id='word_1_226' title='bbox 635 2204 835 2268; x_wconf 88' lang='lat' dir='ltr'>publica</span> <span class='ocrx_word' id='word_1_227' title='bbox 856 2207 1160 2268; x_wconf 90' lang='lat' dir='ltr'>capessenda</span> <span class='ocrx_word' id='word_1_228' title='bbox 1174 2205 1301 2254; x_wconf 84' lang='lat' dir='ltr'>fuit?</span> <span class='ocrx_word' id='word_1_229' title='bbox 1370 2207 1535 2255; x_wconf 91' lang='lat' dir='ltr'>Nemo</span> <span class='ocrx_word' id='word_1_230' title='bbox 1557 2207 1692 2269; x_wconf 91' lang='lat' dir='ltr'>apud</span> <span class='ocrx_word' id='word_1_231' title='bbox 1714 2208 1956 2270; x_wconf 90' lang='lat' dir='ltr'>populum</span> <span class='ocrx_word' id='word_1_232' title='bbox 1981 2221 2030 2263; x_wconf 73' lang='lat'>⁹5</span> 
     </span>
     <span class='ocr_line' id='line_1_27' title="bbox 300 2283 1959 2351; baseline 0.004 -20"><span class='ocrx_word' id='word_1_233' title='bbox 300 2283 479 2342; x_wconf 92' lang='lat' dir='ltr'>fortior,</span> <span class='ocrx_word' id='word_1_234' title='bbox 499 2302 648 2333; x_wconf 91' lang='lat' dir='ltr'>nemo</span> <span class='ocrx_word' id='word_1_235' title='bbox 669 2285 842 2333; x_wconf 91' lang='lat' dir='ltr'>melior</span> <span class='ocrx_word' id='word_1_236' title='bbox 871 2295 1067 2335; x_wconf 90' lang='lat' dir='ltr'>senator</span> <span class='ocrx_word' id='word_1_237' title='bbox 1084 2304 1097 2346; x_wconf 91' lang='lat'>;</span> <span class='ocrx_word' id='word_1_238' title='bbox 1133 2295 1181 2335; x_wconf 94' lang='lat' dir='ltr'>et</span> <span class='ocrx_word' id='word_1_239' title='bbox 1206 2286 1339 2335; x_wconf 91' lang='lat' dir='ltr'>idem</span> <span class='ocrx_word' id='word_1_240' title='bbox 1364 2286 1506 2335; x_wconf 90' lang='lat' dir='ltr'>facile</span> <span class='ocrx_word' id='word_1_241' title='bbox 1521 2286 1737 2350; x_wconf 89' lang='lat' dir='ltr'>optimus</span> <span class='ocrx_word' id='word_1_242' title='bbox 1754 2286 1959 2351; x_wconf 90' lang='lat' dir='ltr'>impera-</span> 
     </span>
     <span class='ocr_line' id='line_1_28' title="bbox 299 2365 1958 2431; baseline 0.004 -20"><span class='ocrx_word' id='word_1_243' title='bbox 299 2374 375 2412; x_wconf 92' lang='lat' dir='ltr'>tor</span> <span class='ocrx_word' id='word_1_244' title='bbox 389 2382 403 2424; x_wconf 79' lang='lat'><em>3</em></span> <span class='ocrx_word' id='word_1_245' title='bbox 453 2365 671 2428; x_wconf 91' lang='lat' dir='ltr'>denique</span> <span class='ocrx_word' id='word_1_246' title='bbox 721 2365 844 2414; x_wconf 91' lang='lat' dir='ltr'>nihil</span> <span class='ocrx_word' id='word_1_247' title='bbox 893 2367 944 2414; x_wconf 94' lang='lat' dir='ltr'>in</span> <span class='ocrx_word' id='word_1_248' title='bbox 983 2369 1076 2416; x_wconf 93' lang='lat' dir='ltr'>hac</span> <span class='ocrx_word' id='word_1_249' title='bbox 1118 2367 1315 2417; x_wconf 90' lang='lat' dir='ltr'>civitate</span> <span class='ocrx_word' id='word_1_250' title='bbox 1361 2367 1666 2431; x_wconf 89' lang='lat' dir='ltr'>temporibus</span> <span class='ocrx_word' id='word_1_251' title='bbox 1712 2367 1805 2416; x_wconf 85' lang='lat' dir='ltr'>illis</span> <span class='ocrx_word' id='word_1_252' title='bbox 1847 2368 1958 2417; x_wconf 87' lang='lat' dir='ltr'>sciri</span> 
     </span>
     <span class='ocr_line' id='line_1_29' title="bbox 298 2445 1956 2512; baseline 0.004 -20"><span class='ocrx_word' id='word_1_253' title='bbox 298 2445 483 2494; x_wconf 93' lang='lat' dir='ltr'>discive</span> <span class='ocrx_word' id='word_1_254' title='bbox 508 2446 680 2509; x_wconf 91' lang='lat' dir='ltr'>potuit,</span> <span class='ocrx_word' id='word_1_255' title='bbox 720 2449 856 2510; x_wconf 92' lang='lat' dir='ltr'>quod</span> <span class='ocrx_word' id='word_1_256' title='bbox 882 2448 963 2498; x_wconf 94' lang='lat' dir='ltr'>ille</span> <span class='ocrx_word' id='word_1_257' title='bbox 988 2466 1091 2498; x_wconf 90' lang='lat' dir='ltr'>non</span> <span class='ocrx_word' id='word_1_258' title='bbox 1123 2465 1237 2498; x_wconf 89' lang='lat' dir='ltr'>cum</span> <span class='ocrx_word' id='word_1_259' title='bbox 1267 2448 1565 2512; x_wconf 89' lang='lat' dir='ltr'>investigarit</span> <span class='ocrx_word' id='word_1_260' title='bbox 1593 2457 1643 2497; x_wconf 92' lang='lat' dir='ltr'>et</span> <span class='ocrx_word' id='word_1_261' title='bbox 1666 2448 1827 2498; x_wconf 91' lang='lat' dir='ltr'>scierit</span> <span class='ocrx_word' id='word_1_262' title='bbox 1849 2458 1956 2498; x_wconf 89' lang='lat' dir='ltr'>turn</span> 
     </span>
     <span class='ocr_line' id='line_1_30' title="bbox 197 2525 1956 2593; baseline 0.004 -22"><span class='ocrx_word' id='word_1_263' title='bbox 197 2532 275 2584; x_wconf 83' lang='lat'>136</span> <span class='ocrx_word' id='word_1_264' title='bbox 298 2525 445 2573; x_wconf 89' lang='lat' dir='ltr'>etiarn</span> <span class='ocrx_word' id='word_1_265' title='bbox 500 2527 854 2591; x_wconf 89' lang='lat' dir='ltr'>conscripserit.</span> <span class='ocrx_word' id='word_1_266' title='bbox 953 2531 1102 2579; x_wconf 89' lang='lat' dir='ltr'>Nunc</span> <span class='ocrx_word' id='word_1_267' title='bbox 1148 2538 1319 2579; x_wconf 88' lang='lat' dir='ltr'>contra</span> <span class='ocrx_word' id='word_1_268' title='bbox 1365 2529 1586 2593; x_wconf 90' lang='lat' dir='ltr'>plerique</span> <span class='ocrx_word' id='word_1_269' title='bbox 1632 2530 1697 2578; x_wconf 91' lang='lat' dir='ltr'>ad</span> <span class='ocrx_word' id='word_1_270' title='bbox 1743 2531 1956 2580; x_wconf 90' lang='lat' dir='ltr'>honores</span> 
     </span>
    </p>
   </div>
   <div class='ocr_carea' id='block_1_3' title="bbox 297 2656 1961 2872">
    <p class='ocr_par' dir='ltr' id='par_1_3' title="bbox 297 2656 1961 2872">
     <span class='ocr_line' id='line_1_31' title="bbox 351 2656 1960 2698; baseline 0.003 -5"><span class='ocrx_word' id='word_1_271' title='bbox 351 2656 403 2694; x_wconf 92' lang='lat' dir='ltr'>M</span> <span class='ocrx_word' id='word_1_272' title='bbox 421 2675 455 2688; x_wconf 92' lang='lat'>=</span> <span class='ocrx_word' id='word_1_273' title='bbox 477 2656 615 2694; x_wconf 90' lang='lat' dir='ltr'>AEH</span> <span class='ocrx_word' id='word_1_274' title='bbox 790 2671 807 2696; x_wconf 95' lang='lat'>1</span> <span class='ocrx_word' id='word_1_275' title='bbox 840 2660 1135 2698; x_wconf 84' lang='lat' dir='ltr'>universorum</span> <span class='ocrx_word' id='word_1_276' title='bbox 1174 2658 1251 2698; x_wconf 91' lang='lat' dir='ltr'>M:</span> <span class='ocrx_word' id='word_1_277' title='bbox 1298 2659 1586 2698; x_wconf 85' lang='lat' dir='ltr'>universarum</span> <span class='ocrx_word' id='word_1_278' title='bbox 1627 2672 1768 2698; x_wconf 82' lang='lat' dir='ltr'>rerum</span> <span class='ocrx_word' id='word_1_279' title='bbox 1808 2660 1960 2698; x_wconf 83' lang='lat' dir='ltr'>maluit</span> 
     </span>
     <span class='ocr_line' id='line_1_32' title="bbox 297 2709 1961 2763; baseline 0.002 -16"><span class='ocrx_word' id='word_1_280' title='bbox 297 2709 498 2749; x_wconf 80' lang='lat' dir='ltr'>Friedrich</span> <span class='ocrx_word' id='word_1_281' title='bbox 611 2725 636 2750; x_wconf 91' lang='lat'><em>2</em></span> <span class='ocrx_word' id='word_1_282' title='bbox 667 2711 853 2751; x_wconf 89' lang='lat' dir='ltr'>elaboret</span> <span class='ocrx_word' id='word_1_283' title='bbox 872 2713 962 2751; x_wconf 89' lang='lat' dir='ltr'>AE</span> <span class='ocrx_word' id='word_1_284' title='bbox 987 2726 1039 2762; x_wconf 87' lang='lat'>32</span> <span class='ocrx_word' id='word_1_285' title='bbox 1150 2715 1176 2751; x_wconf 91' lang='lat'><strong>6</strong></span> <span class='ocrx_word' id='word_1_286' title='bbox 1207 2714 1394 2752; x_wconf 88' lang='lat' dir='ltr'>Marcum</span> <span class='ocrx_word' id='word_1_287' title='bbox 1417 2711 1471 2750; x_wconf 93' lang='lat' dir='ltr'>M</span> <span class='ocrx_word' id='word_1_288' title='bbox 1585 2714 1612 2751; x_wconf 86' lang='lat'>8</span> <span class='ocrx_word' id='word_1_289' title='bbox 1641 2713 1789 2763; x_wconf 37' lang='lat' dir='ltr'>facere·</span> <span class='ocrx_word' id='word_1_290' title='bbox 1801 2727 1882 2754; x_wconf 91' lang='lat' dir='ltr'>om.</span> <span class='ocrx_word' id='word_1_291' title='bbox 1907 2713 1961 2750; x_wconf 93' lang='lat' dir='ltr'>M</span> 
     </span>
     <span class='ocr_line' id='line_1_33' title="bbox 302 2764 1954 2818; baseline 0.003 -17"><span class='ocrx_word' id='word_1_292' title='bbox 302 2777 348 2801; x_wconf 90' lang='lat'>12</span> <span class='ocrx_word' id='word_1_293' title='bbox 378 2764 432 2802; x_wconf 89' lang='lat' dir='ltr'>de</span> <span class='ocrx_word' id='word_1_294' title='bbox 454 2778 557 2814; x_wconf 87' lang='lat' dir='ltr'>agro</span> <span class='ocrx_word' id='word_1_295' title='bbox 578 2765 758 2804; x_wconf 89' lang='lat' dir='ltr'>colendo</span> <span class='ocrx_word' id='word_1_296' title='bbox 781 2780 863 2807; x_wconf 84' lang='lat' dir='ltr'>om.</span> <span class='ocrx_word' id='word_1_297' title='bbox 888 2766 942 2804; x_wconf 93' lang='lat' dir='ltr'>M</span> <span class='ocrx_word' id='word_1_298' title='bbox 1104 2780 1152 2817; x_wconf 88' lang='lat'>13</span> <span class='ocrx_word' id='word_1_299' title='bbox 1182 2768 1414 2806; x_wconf 89' lang='lat' dir='ltr'>referretur</span> <span class='ocrx_word' id='word_1_300' title='bbox 1429 2767 1470 2805; x_wconf 88' lang='lat' dir='ltr'><em>A</em></span> <span class='ocrx_word' id='word_1_301' title='bbox 1496 2780 1630 2818; x_wconf 53' lang='lat' dir='ltr'>maae.</span> <span class='ocrx_word' id='word_1_302' title='bbox 1649 2767 1760 2818; x_wconf 86' lang='lat' dir='ltr'><em>vulg.</em></span> <span class='ocrx_word' id='word_1_303' title='bbox 1783 2782 1793 2807; x_wconf 72' lang='grc' dir='ltr'><strong>ε</strong></span> <span class='ocrx_word' id='word_1_304' title='bbox 1831 2780 1954 2817; x_wconf 86' lang='lat' dir='ltr'>repe-</span> 
     </span>
     <span class='ocr_line' id='line_1_34' title="bbox 298 2819 1952 2872; baseline 0.002 -17"><span class='ocrx_word' id='word_1_305' title='bbox 298 2823 459 2856; x_wconf 88' lang='lat' dir='ltr'>teretur</span> <span class='ocrx_word' id='word_1_306' title='bbox 488 2819 539 2857; x_wconf 91' lang='lat' dir='ltr'><em>H</em></span> <span class='ocrx_word' id='word_1_307' title='bbox 554 2831 634 2868; x_wconf 86' lang='lat'>32:</span> <span class='ocrx_word' id='word_1_308' title='bbox 678 2826 927 2869; x_wconf 87' lang='lat' dir='ltr'>repperetur</span> <span class='ocrx_word' id='word_1_309' title='bbox 955 2821 997 2859; x_wconf 93' lang='lat' dir='ltr'><em>E</em></span> <span class='ocrx_word' id='word_1_310' title='bbox 1155 2834 1203 2859; x_wconf 88' lang='lat'>21</span> <span class='ocrx_word' id='word_1_311' title='bbox 1239 2821 1443 2860; x_wconf 83' lang='lat' dir='ltr'>didicerat</span> <span class='ocrx_word' id='word_1_312' title='bbox 1462 2821 1602 2872; x_wconf 64' lang='lat' dir='ltr'><em>vulg:</em></span> <span class='ocrx_word' id='word_1_313' title='bbox 1632 2834 1718 2860; x_wconf 89' lang='lat' dir='ltr'>non</span> <span class='ocrx_word' id='word_1_314' title='bbox 1749 2820 1952 2860; x_wconf 85' lang='lat' dir='ltr'>didicerat</span> 
     </span>
    </p>
   </div>
   <div class='ocr_carea' id='block_1_4' title="bbox 296 2871 1948 2963">
    <p class='ocr_par' dir='ltr' id='par_1_4' title="bbox 296 2871 1948 2963">
     <span class='ocr_line' id='line_1_35' title="bbox 296 2871 1948 2962; baseline 0.003 -54"><span class='ocrx_word' id='word_1_315' title='bbox 296 2871 405 2961; x_wconf 63' lang='lat' dir='ltr'>floldd.</span> <span class='ocrx_word' id='word_1_316' title='bbox 507 2924 558 2962; x_wconf 84' lang='lat' dir='ltr'><em>M</em></span> <span class='ocrx_word' id='word_1_317' title='bbox 602 2874 655 2911; x_wconf 86' lang='lat'>26</span> <span class='ocrx_word' id='word_1_318' title='bbox 683 2879 724 2911; x_wconf 93' lang='lat' dir='ltr'>et</span> <span class='ocrx_word' id='word_1_319' title='bbox 748 2874 856 2913; x_wconf 90' lang='lat' dir='ltr'>idem</span> <span class='ocrx_word' id='word_1_320' title='bbox 879 2873 931 2911; x_wconf 94' lang='lat' dir='ltr'>M</span> <span class='ocrx_word' id='word_1_321' title='bbox 946 2890 954 2914; x_wconf 74' lang='grc' dir='ltr'><strong><em>ε</em></strong></span> <span class='ocrx_word' id='word_1_322' title='bbox 985 2875 1094 2913; x_wconf 90' lang='lat' dir='ltr'>idem</span> <span class='ocrx_word' id='word_1_323' title='bbox 1115 2876 1222 2925; x_wconf 84' lang='lat' dir='ltr'><em>vulg.</em></span> <span class='ocrx_word' id='word_1_324' title='bbox 1421 2875 1542 2914; x_wconf 84' lang='lat' dir='ltr'>facile</span> <span class='ocrx_word' id='word_1_325' title='bbox 1561 2887 1645 2913; x_wconf 86' lang='lat' dir='ltr'>om.</span> <span class='ocrx_word' id='word_1_326' title='bbox 1667 2874 1720 2913; x_wconf 92' lang='lat' dir='ltr'>M</span> <span class='ocrx_word' id='word_1_327' title='bbox 1897 2887 1948 2923; x_wconf 81' lang='lat'>27</span> 
     </span>
     <span class='ocr_line' id='line_1_36' title="bbox 297 2937 481 2963; baseline 0.011 -2"><span class='ocrx_word' id='word_1_328' title='bbox 297 2938 308 2961; x_wconf 81' lang='grc' dir='ltr'><strong><em>ι</em></strong></span> <span class='ocrx_word' id='word_1_329' title='bbox 343 2937 377 2962; x_wconf 76' lang='lat' dir='ltr'>is</span> <span class='ocrx_word' id='word_1_330' title='bbox 398 2938 481 2963; x_wconf 81' lang='lat' dir='ltr'>om.</span> 
     </span>
    </p>
   </div>
  </div>
 </body>
</html>
