2150 3444
764 139 859 186 DE
895 137 1238 187 ORATORE
1310 139 1364 187 II

233 274 371 335 ficiiS,
398 276 464 326 de
486 276 719 340 peculatu
751 274 948 325 infitiari
979 292 1183 325 necesse
1208 284 1311 324 est:
1365 275 1418 324 id
1454 284 1528 325 est
1564 277 1708 339 igitur
1745 294 1900 341 genus

231 355 446 422 primum
493 373 752 406 causarum
799 356 853 406 in
906 356 1101 407 iudiciis
1158 374 1218 406 ex
1265 356 1598 406 controversia
1646 357 1760 406 facti
1778 376 1791 418 3
1850 357 1901 406 in

230 436 672 488 deliberationibus
707 439 999 503 plerumque
1031 455 1092 487 ex
1126 436 1288 497 futuri,
1326 455 1434 487 raro
1464 455 1524 487 ex
1556 437 1783 487 instantis
1817 447 1902 486 aut

230 517 341 568 acti.
415 520 574 582 Saepe
609 518 758 568 etiam
793 535 870 568 res
905 535 1008 567 non
1044 517 1107 567 sit
1139 535 1313 578 necne,
1354 520 1442 568 sed
1477 518 1634 582 qualis
1667 518 1728 568 sit
1759 536 1904 582 quae-

183 615 210 658 ⁵
231 599 381 662 titur,
415 609 471 649 ut
494 617 609 650 cum
635 602 690 649 L.
718 598 889 664 Opimi
922 616 1122 648 causam
1158 599 1462 649 defendebat
1485 601 1620 664 apud
1643 601 1899 664 populum,

231 681 466 733 audiente
507 698 600 741 me,
640 682 697 732 C.
737 681 904 732 Carbo
939 682 1127 740 consul,
1168 679 1292 729 nihil
1334 682 1398 730 de
1435 682 1491 731 C.
1532 680 1744 730 Gracchi
1779 698 1902 731 nece

231 763 458 827 negabat,
485 763 575 813 sed
598 762 651 812 id
674 761 778 812 iure
803 780 893 827 pro
919 764 1075 812 salute
1111 762 1297 826 patriae
1323 764 1510 812 facturn
1542 779 1649 812 esse
1674 761 1903 823 dicebat,

230 852 288 895 ut
320 843 486 894 eidem
516 843 736 894 Carboni
768 843 969 894 tribuno
1004 843 1163 908 plebis
1196 843 1293 893 alia
1330 853 1436 892 tum
1478 852 1645 893 mente
1678 860 1781 893 rem
1818 860 1904 908 pu-

230 924 413 976 blicam
436 924 716 990 capessenti
740 927 792 974 P.
822 925 1084 975 Africanus
1122 926 1186 975 de
1223 925 1299 974 Ti.
1331 927 1560 975 Graccho
1585 923 1903 989 interroganti

159 1026 210 1059 10
230 1008 552 1072 responderat
586 1006 691 1056 iure
726 1024 926 1057 caesum
963 1007 1152 1069 videri3
1203 1007 1306 1057 iure
1339 1016 1506 1056 autem
1539 1006 1708 1057 omnia
1736 1008 1903 1056 defen·

231 1090 428 1150 duntur,
456 1105 584 1153 quae
609 1097 724 1138 sunt
748 1088 854 1138 eius
885 1088 1091 1153 generiS,
1120 1097 1174 1138 ut
1198 1097 1284 1138 aut
1307 1087 1579 1152 oportuerit
1602 1097 1687 1138 aut
1711 1087 1902 1138 licuerit

214 1180 318 1239 ⁴aut
363 1187 567 1220 necesse
613 1170 758 1220 fuerit
803 1179 889 1220 aut
936 1170 1270 1235 imprudentia
1317 1180 1403 1220 aut
1449 1188 1566 1220 casu
1613 1172 1742 1220 facta
1794 1187 1901 1220 esse

231 1251 502 1302 videantur.
577 1253 686 1302 Iam
728 1251 850 1317 quid
886 1262 1100 1313 vocetur,
1144 1251 1405 1316 quaeritur,
1450 1269 1564 1301 cum
1607 1269 1709 1316 quo
1749 1252 1902 1301 verbo

231 1333 355 1398 quid
386 1335 740 1399 appellandum
776 1334 851 1395 sit,
891 1333 1208 1385 contenditur
1223 1353 1238 1396 3
1288 1343 1343 1383 ut
1379 1332 1501 1382 mihi
1537 1332 1630 1397 ipsi
1660 1350 1774 1383 cum
1804 1334 1902 1384 hoc

159 1433 208 1475 15
232 1415 452 1482 Sulpicio
475 1416 568 1466 fuit
591 1415 643 1465 in
669 1416 895 1466 Norbani
924 1434 1073 1466 causa
1107 1433 1302 1466 summa
1326 1414 1582 1466 contentio
1603 1434 1617 1477 3
1666 1417 1900 1480 pleraque

231 1498 367 1548 enim
404 1499 470 1549 de
510 1497 596 1559 eis,
637 1515 764 1562 quae
805 1499 869 1548 ab
912 1498 1008 1549 isto
1057 1498 1416 1558 obiciebantur,
1462 1515 1576 1547 cum
1624 1499 1898 1558 confiterer,

231 1588 402 1630 tamen
423 1581 488 1630 ab
513 1579 599 1630 illo
623 1579 933 1630 maiestatem
970 1580 1212 1629 minutam
1251 1580 1510 1644 negabam,
1538 1597 1598 1629 ex
1622 1596 1723 1643 quo
1746 1579 1900 1629 verbo

231 1663 340 1726 lege
386 1661 636 1726 Appuleia
681 1671 786 1712 tota
831 1662 914 1711 illa
960 1679 1109 1711 causa
1150 1662 1416 1726 pendebat.
1490 1663 1658 1724 Atque
1705 1659 1757 1709 in
1803 1662 1901 1711 hoc

230 1760 412 1807 genere
448 1760 707 1793 causarum
746 1761 849 1793 non
887 1743 1010 1792 nulli
1057 1743 1369 1808 praecipiunt
1411 1751 1466 1791 ut
1506 1742 1713 1792 verbum
1760 1741 1897 1803 illud,

158 1842 211 1878 ιο
231 1826 371 1890 quod
408 1841 609 1875 causam
651 1824 779 1886 facit,
827 1825 1038 1875 breviter
1083 1834 1291 1889 uterque
1330 1823 1548 1884 definiat,
1591 1825 1729 1887 quod
1777 1822 1902 1872 mihi

232 1905 708 1971 quidem-perquam
740 1907 928 1971 puerile
963 1906 1117 1956 videri
1155 1908 1312 1956 solet:
1362 1906 1458 1955 alia
1494 1914 1568 1955 est
1596 1905 1744 1965 enim,
1782 1922 1899 1956 cum

231 1986 359 2038 inter
392 1989 570 2038 doctos
606 1987 835 2038 homines
859 1990 924 2038 de
957 1988 1027 2038 eis
1056 1987 1174 2052 ipsis
1204 1989 1364 2047 rebuS,
1394 2004 1523 2051 quae
1557 1996 1812 2036 versantur
1846 1986 1899 2036 in

229 2068 432 2130 artibus,
475 2069 765 2134 disputatur,
805 2071 1069 2120 verborum
1105 2069 1344 2130 definitio,
1385 2078 1440 2118 ut
1475 2085 1591 2118 cum
1634 2068 1898 2133 quaeritur,

230 2150 355 2216 quid
400 2150 463 2200 sit
496 2168 587 2211 ars,
626 2151 750 2215 quid
785 2151 848 2201 sit
885 2154 976 2212 lex,
1015 2151 1138 2216 quid
1174 2151 1236 2201 sit
1271 2150 1456 2211 civitaS‚
1495 2150 1548 2199 in
1584 2149 1766 2214 quibus
1802 2152 1899 2200 hoc

157 2251 207 2293 25
230 2231 468 2298 praecipit
503 2232 626 2282 ratio
662 2242 712 2283 et
746 2233 986 2294 doctrina,
1024 2242 1079 2282 ut
1113 2233 1186 2282 vis
1223 2232 1328 2282 eius
1363 2232 1447 2293 rei,
1486 2249 1637 2295 quam
1674 2231 1897 2292 definias,

230 2314 303 2365 sic
340 2313 653 2379 exprimatur,
691 2324 746 2364 ut
781 2332 946 2379 neque
983 2314 1113 2364 absit
1148 2314 1417 2379 quicquam
1453 2330 1633 2378 neque
1658 2313 1899 2377 supersit3

231 2397 370 2461 quod
393 2396 600 2461 quidem
623 2396 676 2446 in
700 2396 783 2446 illa
807 2415 957 2447 causa
987 2414 1152 2461 neque
1185 2396 1433 2460 Sulpicius
1466 2395 1583 2445 fecit
1617 2412 1783 2459 neque
1807 2412 1900 2460 ego

231 2479 392 2528 facere
415 2487 623 2528 conatus
649 2495 759 2527 sum
776 2497 790 2539 3
826 2496 942 2528 nam
968 2487 1210 2543 quantum
1236 2487 1446 2541 uterque
1472 2486 1696 2527 nostrum
1722 2477 1899 2541 potuit,

233 2559 371 2610 omni
394 2560 541 2625 copia
558 2560 760 2611 dicendi
775 2560 1010 2620 dilatavit,
1030 2560 1152 2625 quid
1171 2569 1301 2610 esset
1320 2558 1629 2609 maiestatem
1649 2558 1902 2613 minuere:

157 2655 211 2697 30
231 2642 418 2693 etenim
452 2643 680 2693 definitio
714 2643 928 2707 primum
957 2645 1257 2708 reprehenso
1288 2642 1441 2692 verbo
1470 2658 1573 2691 uno
1607 2650 1694 2690 aut
1727 2640 1902 2692 addito

231 2734 317 2774 aut
353 2726 560 2789 dempto
596 2742 744 2789 saepe
779 2734 1096 2789 extorquetur
1128 2743 1156 2775 e
1186 2723 1450 2785 manibus,
1501 2722 1686 2773 deinde
1720 2739 1901 2787 genere

285 2849 338 2888 M
356 2868 391 2883 =
413 2848 554 2889 AEH
768 2864 793 2900 4
822 2850 906 2889 acti
936 2849 1067 2890 Reid:
1099 2850 1197 2889 facti
1217 2849 1328 2890 codd.
1466 2862 1515 2889 10
1544 2849 1827 2899 responderat
1856 2862 1900 2888 m

233 2916 348 2946 recc.:
384 2905 644 2955 respondeat
665 2904 719 2943 M
862 2918 916 2944 20
943 2905 1133 2945 breviter
1164 2912 1343 2956 uterque
1366 2917 1486 2946 νει-ιιι
1519 2903 1795 2955 breviterque
1822 2904 1900 2946 M:

232 2958 371 2998 lucide
399 2959 670 3010 breviterque
705 2960 880 2999 definiat
913 2974 982 3000 m:
1023 2960 1131 3000 unde
1158 2959 1323 3000 Ellendt
1350 2972 1434 2999 non
1463 2959 1595 2998 noluit
1622 2959 1702 2999 luc.
1736 2960 1796 3000 br.
1830 2961 1901 3000 de-

230 3013 405 3055 finiatur
541 3027 594 3065 24
624 3015 726 3066 quid
754 3015 810 3055 sit
838 3028 907 3056 ars
927 3029 1010 3056 om.
1036 3015 1089 3054 M
1223 3016 1278 3055 26
1305 3028 1445 3066 neque
1465 3015 1652 3066 supersit
1671 3028 1754 3056 om.
1778 3015 1833 3055 M

1922 152 1988 201 25
2011 157 2086 197 19⁵

1929 506 2008 567 106

1928 1271 2006 1316 107

1929 1665 2006 1707 108

1928 2415 2006 2458 109
