<?xml version="1.0" encoding="UTF-8"?>
<!DOCTYPE html PUBLIC "-//W3C//DTD XHTML 1.0 Transitional//EN"
    "http://www.w3.org/TR/xhtml1/DTD/xhtml1-transitional.dtd">
<html xmlns="http://www.w3.org/1999/xhtml" xml:lang="en" lang="en">
 <head>
  <title>
</title>
<meta http-equiv="Content-Type" content="text/html;charset=utf-8" />
  <meta name='ocr-system' content='tesseract 3.04.00' />
  <meta name='ocr-capabilities' content='ocr_page ocr_carea ocr_par ocr_line ocrx_word'/>
</head>
<body>
  <div class='ocr_page' id='page_1' title='image "./rhetoricarecogno01ciceuoft_0226.png"; bbox 0 0 2150 3444; ppageno 0'>
   <div class='ocr_carea' id='block_1_1' title="bbox 84 123 1472 202">
    <p class='ocr_par' dir='ltr' id='par_1_1' title="bbox 84 123 1472 202">
     <span class='ocr_line' id='line_1_1' title="bbox 84 123 1472 202; baseline 0 -11"><span class='ocrx_word' id='word_1_1' title='bbox 84 152 246 202; x_wconf 84' lang='lat'>30118</span> <span class='ocrx_word' id='word_1_2' title='bbox 564 123 568 126; x_wconf 47' lang='lat'><strong>⁴</strong></span> <span class='ocrx_word' id='word_1_3' title='bbox 733 143 803 190; x_wconf 88' lang='lat' dir='ltr'>M.</span> <span class='ocrx_word' id='word_1_4' title='bbox 841 142 1052 191; x_wconf 88' lang='lat' dir='ltr'>TVLLI</span> <span class='ocrx_word' id='word_1_5' title='bbox 1089 129 1472 192; x_wconf 75' lang='lat' dir='ltr'>CICERONIS</span> 
     </span>
    </p>
   </div>
   <div class='ocr_carea' id='block_1_2' title="bbox 169 282 2011 2941">
    <p class='ocr_par' dir='ltr' id='par_1_2' title="bbox 174 282 1925 591">
     <span class='ocr_line' id='line_1_2' title="bbox 270 282 1925 349; baseline 0.001 -16"><span class='ocrx_word' id='word_1_6' title='bbox 270 283 440 343; x_wconf 83' lang='lat' dir='ltr'>tioneS‚</span> <span class='ocrx_word' id='word_1_7' title='bbox 474 283 851 348; x_wconf 85' lang='lat' dir='ltr'>obiurgationes,</span> <span class='ocrx_word' id='word_1_8' title='bbox 885 282 1260 342; x_wconf 84' lang='lat' dir='ltr'>consolationeS‚</span> <span class='ocrx_word' id='word_1_9' title='bbox 1298 282 1634 333; x_wconf 84' lang='lat' dir='ltr'><strong>miserationes</strong></span> <span class='ocrx_word' id='word_1_10' title='bbox 1663 283 1925 349; x_wconf 88' lang='lat' dir='ltr'>omnisque</span> 
     </span>
     <span class='ocr_line' id='line_1_3' title="bbox 268 362 1921 428; baseline 0.001 -15"><span class='ocrx_word' id='word_1_11' title='bbox 268 366 332 414; x_wconf 87' lang='lat' dir='ltr'>ad</span> <span class='ocrx_word' id='word_1_12' title='bbox 374 382 575 415; x_wconf 90' lang='lat' dir='ltr'>omnem</span> <span class='ocrx_word' id='word_1_13' title='bbox 616 364 767 414; x_wconf 90' lang='lat' dir='ltr'>animi</span> <span class='ocrx_word' id='word_1_14' title='bbox 807 374 997 414; x_wconf 89' lang='lat' dir='ltr'>motum</span> <span class='ocrx_word' id='word_1_15' title='bbox 1037 373 1085 414; x_wconf 94' lang='lat' dir='ltr'>et</span> <span class='ocrx_word' id='word_1_16' title='bbox 1122 362 1355 428; x_wconf 86' lang='lat' dir='ltr'>impulsio</span> <span class='ocrx_word' id='word_1_17' title='bbox 1394 373 1456 423; x_wconf 92' lang='lat' dir='ltr'>et,</span> <span class='ocrx_word' id='word_1_18' title='bbox 1494 363 1534 413; x_wconf 91' lang='lat' dir='ltr'>si</span> <span class='ocrx_word' id='word_1_19' title='bbox 1575 364 1644 414; x_wconf 92' lang='lat' dir='ltr'>ita</span> <span class='ocrx_word' id='word_1_20' title='bbox 1678 382 1753 415; x_wconf 89' lang='lat' dir='ltr'>res</span> <span class='ocrx_word' id='word_1_21' title='bbox 1787 367 1921 425; x_wconf 87' lang='lat' dir='ltr'>feret,</span> 
     </span>
     <span class='ocr_line' id='line_1_4' title="bbox 174 443 1925 510; baseline 0.001 -16"><span class='ocrx_word' id='word_1_22' title='bbox 174 458 244 501; x_wconf 89' lang='lat'>119</span> <span class='ocrx_word' id='word_1_23' title='bbox 269 445 519 509; x_wconf 87' lang='lat' dir='ltr'>mitigatio.</span> <span class='ocrx_word' id='word_1_24' title='bbox 594 445 858 510; x_wconf 82' lang='lat' dir='ltr'>Explicatis</span> <span class='ocrx_word' id='word_1_25' title='bbox 899 445 1043 509; x_wconf 87' lang='lat' dir='ltr'>igitur</span> <span class='ocrx_word' id='word_1_26' title='bbox 1090 444 1165 493; x_wconf 93' lang='lat' dir='ltr'>his</span> <span class='ocrx_word' id='word_1_27' title='bbox 1211 443 1472 508; x_wconf 87' lang='lat' dir='ltr'>generibus</span> <span class='ocrx_word' id='word_1_28' title='bbox 1517 461 1577 494; x_wconf 87' lang='lat' dir='ltr'>ac</span> <span class='ocrx_word' id='word_1_29' title='bbox 1622 444 1785 496; x_wconf 89' lang='lat' dir='ltr'>modis</span> <span class='ocrx_word' id='word_1_30' title='bbox 1830 445 1925 496; x_wconf 89' lang='lat' dir='ltr'>dis-</span> 
     </span>
     <span class='ocr_line' id='line_1_5' title="bbox 268 525 1924 591; baseline 0.001 -16"><span class='ocrx_word' id='word_1_31' title='bbox 268 526 603 590; x_wconf 90' lang='lat' dir='ltr'>ceptationum</span> <span class='ocrx_word' id='word_1_32' title='bbox 644 527 867 576; x_wconf 90' lang='lat' dir='ltr'>omnium</span> <span class='ocrx_word' id='word_1_33' title='bbox 909 526 1031 575; x_wconf 89' lang='lat' dir='ltr'>nihil</span> <span class='ocrx_word' id='word_1_34' title='bbox 1070 543 1188 575; x_wconf 90' lang='lat' dir='ltr'>sane</span> <span class='ocrx_word' id='word_1_35' title='bbox 1227 527 1293 576; x_wconf 90' lang='lat' dir='ltr'>ad</span> <span class='ocrx_word' id='word_1_36' title='bbox 1333 543 1437 575; x_wconf 94' lang='lat' dir='ltr'>rem</span> <span class='ocrx_word' id='word_1_37' title='bbox 1474 525 1698 590; x_wconf 86' lang='lat' dir='ltr'><strong>pertinet,</strong></span> <span class='ocrx_word' id='word_1_38' title='bbox 1744 525 1786 576; x_wconf 86' lang='lat' dir='ltr'>si</span> <span class='ocrx_word' id='word_1_39' title='bbox 1825 543 1924 591; x_wconf 89' lang='lat' dir='ltr'>qua</span> 
     </span>
    </p>

    <p class='ocr_par' dir='ltr' id='par_1_3' title="bbox 268 604 1974 993">
     <span class='ocr_line' id='line_1_6' title="bbox 268 604 1974 671; baseline 0.002 -17"><span class='ocrx_word' id='word_1_40' title='bbox 268 606 319 655; x_wconf 93' lang='lat' dir='ltr'>in</span> <span class='ocrx_word' id='word_1_41' title='bbox 344 624 395 656; x_wconf 89' lang='lat' dir='ltr'>re</span> <span class='ocrx_word' id='word_1_42' title='bbox 417 607 710 671; x_wconf 86' lang='lat' dir='ltr'>discrepavit</span> <span class='ocrx_word' id='word_1_43' title='bbox 733 608 797 657; x_wconf 93' lang='lat' dir='ltr'>ab</span> <span class='ocrx_word' id='word_1_44' title='bbox 816 606 1006 656; x_wconf 89' lang='lat' dir='ltr'>Antoni</span> <span class='ocrx_word' id='word_1_45' title='bbox 1029 605 1272 656; x_wconf 92' lang='lat' dir='ltr'>divisione</span> <span class='ocrx_word' id='word_1_46' title='bbox 1295 616 1463 656; x_wconf 91' lang='lat' dir='ltr'>nostra</span> <span class='ocrx_word' id='word_1_47' title='bbox 1484 605 1711 671; x_wconf 91' lang='lat' dir='ltr'>partitio:</span> <span class='ocrx_word' id='word_1_48' title='bbox 1746 606 1922 657; x_wconf 89' lang='lat' dir='ltr'>eadem</span> <span class='ocrx_word' id='word_1_49' title='bbox 1943 604 1974 664; x_wconf 32' lang='lat'>5*¹</span> 
     </span>
     <span class='ocr_line' id='line_1_7' title="bbox 269 687 1929 752; baseline 0 -16"><span class='ocrx_word' id='word_1_50' title='bbox 269 697 382 737; x_wconf 88' lang='lat' dir='ltr'>sunt</span> <span class='ocrx_word' id='word_1_51' title='bbox 425 689 644 738; x_wconf 91' lang='lat' dir='ltr'>membra</span> <span class='ocrx_word' id='word_1_52' title='bbox 685 688 736 736; x_wconf 93' lang='lat' dir='ltr'>in</span> <span class='ocrx_word' id='word_1_53' title='bbox 774 688 1027 752; x_wconf 91' lang='lat' dir='ltr'>utriusque</span> <span class='ocrx_word' id='word_1_54' title='bbox 1073 687 1420 752; x_wconf 90' lang='lat' dir='ltr'>disputatione,</span> <span class='ocrx_word' id='word_1_55' title='bbox 1463 689 1551 737; x_wconf 89' lang='lat' dir='ltr'>sed</span> <span class='ocrx_word' id='word_1_56' title='bbox 1592 689 1742 751; x_wconf 87' lang='lat' dir='ltr'>paulo</span> <span class='ocrx_word' id='word_1_57' title='bbox 1782 696 1929 738; x_wconf 79' lang='lat' dir='ltr'>secus</span> 
     </span>
     <span class='ocr_line' id='line_1_8' title="bbox 268 767 1929 832; baseline -0.001 -15"><span class='ocrx_word' id='word_1_58' title='bbox 268 784 299 817; x_wconf 88' lang='lat' dir='ltr'>a</span> <span class='ocrx_word' id='word_1_59' title='bbox 335 786 415 818; x_wconf 91' lang='lat' dir='ltr'>me</span> <span class='ocrx_word' id='word_1_60' title='bbox 451 778 600 832; x_wconf 87' lang='lat' dir='ltr'>atque</span> <span class='ocrx_word' id='word_1_61' title='bbox 637 769 701 818; x_wconf 94' lang='lat' dir='ltr'>ab</span> <span class='ocrx_word' id='word_1_62' title='bbox 739 769 824 818; x_wconf 95' lang='lat' dir='ltr'>illo</span> <span class='ocrx_word' id='word_1_63' title='bbox 861 769 1037 832; x_wconf 90' lang='lat' dir='ltr'>partita</span> <span class='ocrx_word' id='word_1_64' title='bbox 1075 786 1134 817; x_wconf 93' lang='lat' dir='ltr'>ac</span> <span class='ocrx_word' id='word_1_65' title='bbox 1176 768 1368 818; x_wconf 86' lang='lat' dir='ltr'>tributa.</span> <span class='ocrx_word' id='word_1_66' title='bbox 1443 770 1594 817; x_wconf 93' lang='lat' dir='ltr'>Nunc</span> <span class='ocrx_word' id='word_1_67' title='bbox 1633 770 1700 818; x_wconf 92' lang='lat' dir='ltr'>ad</span> <span class='ocrx_word' id='word_1_68' title='bbox 1739 767 1929 832; x_wconf 81' lang='lat' dir='ltr'>reliqua</span> 
     </span>
     <span class='ocr_line' id='line_1_9' title="bbox 268 849 1922 914; baseline 0.001 -16"><span class='ocrx_word' id='word_1_69' title='bbox 268 849 547 912; x_wconf 89' lang='lat' dir='ltr'>progrediar</span> <span class='ocrx_word' id='word_1_70' title='bbox 588 866 767 913; x_wconf 93' lang='lat' dir='ltr'>meque</span> <span class='ocrx_word' id='word_1_71' title='bbox 801 850 866 898; x_wconf 93' lang='lat' dir='ltr'>ad</span> <span class='ocrx_word' id='word_1_72' title='bbox 901 866 1068 898; x_wconf 90' lang='lat' dir='ltr'>meum</span> <span class='ocrx_word' id='word_1_73' title='bbox 1103 866 1283 898; x_wconf 91' lang='lat' dir='ltr'>munus</span> <span class='ocrx_word' id='word_1_74' title='bbox 1319 865 1629 914; x_wconf 82' lang='lat' dir='ltr'><strong>pensumque</strong></span> <span class='ocrx_word' id='word_1_75' title='bbox 1664 849 1922 899; x_wconf 86' lang='lat' dir='ltr'>revocabo.</span> 
     </span>
     <span class='ocr_line' id='line_1_10' title="bbox 270 929 1926 993; baseline 0.001 -16"><span class='ocrx_word' id='word_1_76' title='bbox 270 930 400 977; x_wconf 92' lang='lat' dir='ltr'>Nam</span> <span class='ocrx_word' id='word_1_77' title='bbox 442 948 501 978; x_wconf 92' lang='lat' dir='ltr'>ex</span> <span class='ocrx_word' id='word_1_78' title='bbox 547 929 640 977; x_wconf 91' lang='lat' dir='ltr'>illis</span> <span class='ocrx_word' id='word_1_79' title='bbox 687 929 821 989; x_wconf 88' lang='lat' dir='ltr'>locis,</span> <span class='ocrx_word' id='word_1_80' title='bbox 866 946 991 993; x_wconf 93' lang='lat' dir='ltr'>quos</span> <span class='ocrx_word' id='word_1_81' title='bbox 1033 930 1257 993; x_wconf 87' lang='lat' dir='ltr'>exposuit</span> <span class='ocrx_word' id='word_1_82' title='bbox 1297 930 1560 991; x_wconf 92' lang='lat' dir='ltr'>Antonius,</span> <span class='ocrx_word' id='word_1_83' title='bbox 1603 929 1772 980; x_wconf 90' lang='lat' dir='ltr'>omnia</span> <span class='ocrx_word' id='word_1_84' title='bbox 1810 938 1926 980; x_wconf 91' lang='lat' dir='ltr'>sunt</span> 
     </span>
    </p>

    <p class='ocr_par' dir='ltr' id='par_1_4' title="bbox 169 1010 2002 1400">
     <span class='ocr_line' id='line_1_11' title="bbox 268 1010 2002 1074; baseline 0.002 -17"><span class='ocrx_word' id='word_1_85' title='bbox 268 1010 332 1057; x_wconf 92' lang='lat' dir='ltr'>ad</span> <span class='ocrx_word' id='word_1_86' title='bbox 365 1026 590 1072; x_wconf 93' lang='lat' dir='ltr'>quaeque</span> <span class='ocrx_word' id='word_1_87' title='bbox 622 1026 801 1072; x_wconf 86' lang='lat' dir='ltr'>genera</span> <span class='ocrx_word' id='word_1_88' title='bbox 832 1010 1178 1073; x_wconf 85' lang='lat' dir='ltr'>quaestionum</span> <span class='ocrx_word' id='word_1_89' title='bbox 1210 1020 1498 1074; x_wconf 91' lang='lat' dir='ltr'>argumenta</span> <span class='ocrx_word' id='word_1_90' title='bbox 1528 1012 1771 1061; x_wconf 90' lang='lat' dir='ltr'>sumenda</span> <span class='ocrx_word' id='word_1_91' title='bbox 1786 1029 1800 1072; x_wconf 81' lang='lat'><em>3</em></span> <span class='ocrx_word' id='word_1_92' title='bbox 1835 1011 1928 1061; x_wconf 88' lang='lat' dir='ltr'>sed</span> <span class='ocrx_word' id='word_1_93' title='bbox 1950 1027 2002 1057; x_wconf 86' lang='lat'>10</span> 
     </span>
     <span class='ocr_line' id='line_1_12' title="bbox 269 1089 1924 1156; baseline 0.002 -19"><span class='ocrx_word' id='word_1_94' title='bbox 269 1089 374 1139; x_wconf 87' lang='lat' dir='ltr'>aliis</span> <span class='ocrx_word' id='word_1_95' title='bbox 398 1089 658 1153; x_wconf 87' lang='lat' dir='ltr'>generibus</span> <span class='ocrx_word' id='word_1_96' title='bbox 690 1090 772 1139; x_wconf 91' lang='lat' dir='ltr'>alii</span> <span class='ocrx_word' id='word_1_97' title='bbox 804 1090 900 1140; x_wconf 91' lang='lat' dir='ltr'>loci</span> <span class='ocrx_word' id='word_1_98' title='bbox 934 1091 1087 1155; x_wconf 88' lang='lat' dir='ltr'>magis</span> <span class='ocrx_word' id='word_1_99' title='bbox 1119 1100 1261 1140; x_wconf 90' lang='lat' dir='ltr'>erunt</span> <span class='ocrx_word' id='word_1_100' title='bbox 1292 1091 1394 1156; x_wconf 91' lang='lat' dir='ltr'>apti</span> <span class='ocrx_word' id='word_1_101' title='bbox 1410 1110 1424 1153; x_wconf 82' lang='lat'><em>3</em></span> <span class='ocrx_word' id='word_1_102' title='bbox 1459 1094 1524 1142; x_wconf 93' lang='lat' dir='ltr'>de</span> <span class='ocrx_word' id='word_1_103' title='bbox 1556 1109 1657 1156; x_wconf 93' lang='lat' dir='ltr'>quo</span> <span class='ocrx_word' id='word_1_104' title='bbox 1688 1100 1924 1142; x_wconf 89' lang='lat' dir='ltr'>nontam</span> 
     </span>
     <span class='ocr_line' id='line_1_13' title="bbox 269 1170 1928 1236; baseline 0.001 -17"><span class='ocrx_word' id='word_1_105' title='bbox 269 1170 386 1234; x_wconf 92' lang='lat' dir='ltr'>quia</span> <span class='ocrx_word' id='word_1_106' title='bbox 414 1172 615 1234; x_wconf 86' lang='lat' dir='ltr'>longum</span> <span class='ocrx_word' id='word_1_107' title='bbox 653 1179 726 1220; x_wconf 92' lang='lat' dir='ltr'>est</span> <span class='ocrx_word' id='word_1_108' title='bbox 761 1187 911 1234; x_wconf 92' lang='lat' dir='ltr'>quam</span> <span class='ocrx_word' id='word_1_109' title='bbox 947 1171 1064 1235; x_wconf 90' lang='lat' dir='ltr'>quia</span> <span class='ocrx_word' id='word_1_110' title='bbox 1097 1171 1411 1236; x_wconf 89' lang='lat' dir='ltr'>perspicuum</span> <span class='ocrx_word' id='word_1_111' title='bbox 1447 1181 1534 1233; x_wconf 88' lang='lat' dir='ltr'>est,</span> <span class='ocrx_word' id='word_1_112' title='bbox 1562 1171 1661 1222; x_wconf 92' lang='lat' dir='ltr'>dici</span> <span class='ocrx_word' id='word_1_113' title='bbox 1695 1171 1818 1221; x_wconf 92' lang='lat' dir='ltr'>nihil</span> <span class='ocrx_word' id='word_1_114' title='bbox 1852 1179 1928 1222; x_wconf 90' lang='lat' dir='ltr'>est</span> 
     </span>
     <span class='ocr_line' id='line_1_14' title="bbox 169 1250 1928 1317; baseline 0.001 -17"><span class='ocrx_word' id='word_1_115' title='bbox 169 1271 246 1300; x_wconf 87' lang='lat'>120</span> <span class='ocrx_word' id='word_1_116' title='bbox 271 1268 486 1301; x_wconf 87' lang='lat' dir='ltr'>necesse.</span> <span class='ocrx_word' id='word_1_117' title='bbox 582 1250 936 1305; x_wconf 86' lang='lat' dir='ltr'>Ornatissimae</span> <span class='ocrx_word' id='word_1_118' title='bbox 982 1261 1096 1300; x_wconf 92' lang='lat' dir='ltr'>sunt</span> <span class='ocrx_word' id='word_1_119' title='bbox 1154 1251 1298 1316; x_wconf 86' lang='lat' dir='ltr'>igitur</span> <span class='ocrx_word' id='word_1_120' title='bbox 1344 1252 1590 1303; x_wconf 88' lang='lat' dir='ltr'>orationes</span> <span class='ocrx_word' id='word_1_121' title='bbox 1647 1269 1749 1313; x_wconf 91' lang='lat' dir='ltr'>eae,</span> <span class='ocrx_word' id='word_1_122' title='bbox 1798 1250 1928 1317; x_wconf 84' lang='lat' dir='ltr'>quae</span> 
     </span>
     <span class='ocr_line' id='line_1_15' title="bbox 269 1331 1928 1400; baseline 0.001 -20"><span class='ocrx_word' id='word_1_123' title='bbox 269 1332 504 1381; x_wconf 89' lang='lat' dir='ltr'>latissime</span> <span class='ocrx_word' id='word_1_124' title='bbox 528 1340 763 1395; x_wconf 89' lang='lat' dir='ltr'>vagantur</span> <span class='ocrx_word' id='word_1_125' title='bbox 788 1341 836 1381; x_wconf 93' lang='lat' dir='ltr'>et</span> <span class='ocrx_word' id='word_1_126' title='bbox 867 1350 898 1381; x_wconf 92' lang='lat' dir='ltr'>a</span> <span class='ocrx_word' id='word_1_127' title='bbox 927 1332 1114 1397; x_wconf 90' lang='lat' dir='ltr'>privata</span> <span class='ocrx_word' id='word_1_128' title='bbox 1148 1331 1217 1399; x_wconf 92' lang='lat' dir='ltr'>[et</span> <span class='ocrx_word' id='word_1_129' title='bbox 1247 1350 1278 1381; x_wconf 89' lang='lat' dir='ltr'>a</span> <span class='ocrx_word' id='word_1_130' title='bbox 1309 1331 1560 1400; x_wconf 86' lang='lat' dir='ltr'>singulari]</span> <span class='ocrx_word' id='word_1_131' title='bbox 1596 1331 1928 1383; x_wconf 87' lang='lat' dir='ltr'>controversia</span> 
     </span>
    </p>

    <p class='ocr_par' dir='ltr' id='par_1_5' title="bbox 170 1406 1999 1802">
     <span class='ocr_line' id='line_1_16' title="bbox 269 1406 1999 1478; baseline -0.001 -15"><span class='ocrx_word' id='word_1_132' title='bbox 269 1431 321 1463; x_wconf 92' lang='lat' dir='ltr'>se</span> <span class='ocrx_word' id='word_1_133' title='bbox 352 1414 417 1462; x_wconf 91' lang='lat' dir='ltr'>ad</span> <span class='ocrx_word' id='word_1_134' title='bbox 452 1406 664 1462; x_wconf 88' lang='lat' dir='ltr'>universi</span> <span class='ocrx_word' id='word_1_135' title='bbox 699 1412 889 1476; x_wconf 92' lang='lat' dir='ltr'>generis</span> <span class='ocrx_word' id='word_1_136' title='bbox 924 1413 1023 1462; x_wconf 94' lang='lat' dir='ltr'>vim</span> <span class='ocrx_word' id='word_1_137' title='bbox 1059 1413 1399 1478; x_wconf 85' lang='lat' dir='ltr'>explicandam</span> <span class='ocrx_word' id='word_1_138' title='bbox 1435 1415 1694 1464; x_wconf 90' lang='lat' dir='ltr'>conferunt</span> <span class='ocrx_word' id='word_1_139' title='bbox 1728 1422 1781 1463; x_wconf 35' lang='lat' dir='ltr'>et*</span> <span class='ocrx_word' id='word_1_140' title='bbox 1811 1430 1927 1464; x_wconf 89' lang='lat' dir='ltr'>con-</span> <span class='ocrx_word' id='word_1_141' title='bbox 1954 1429 1999 1472; x_wconf 86' lang='lat'>¹5</span> 
     </span>
     <span class='ocr_line' id='line_1_17' title="bbox 271 1493 1928 1558; baseline 0 -15"><span class='ocrx_word' id='word_1_142' title='bbox 271 1502 477 1554; x_wconf 88' lang='lat' dir='ltr'>vertunt,</span> <span class='ocrx_word' id='word_1_143' title='bbox 514 1502 568 1542; x_wconf 94' lang='lat' dir='ltr'>ut</span> <span class='ocrx_word' id='word_1_144' title='bbox 600 1493 657 1554; x_wconf 92' lang='lat' dir='ltr'>ei,</span> <span class='ocrx_word' id='word_1_145' title='bbox 686 1493 771 1558; x_wconf 90' lang='lat' dir='ltr'>qui</span> <span class='ocrx_word' id='word_1_146' title='bbox 803 1494 1019 1554; x_wconf 90' lang='lat' dir='ltr'>audiant,</span> <span class='ocrx_word' id='word_1_147' title='bbox 1047 1503 1220 1543; x_wconf 90' lang='lat' dir='ltr'>natura</span> <span class='ocrx_word' id='word_1_148' title='bbox 1251 1502 1300 1544; x_wconf 94' lang='lat' dir='ltr'>et</span> <span class='ocrx_word' id='word_1_149' title='bbox 1330 1511 1509 1558; x_wconf 86' lang='lat' dir='ltr'>genere</span> <span class='ocrx_word' id='word_1_150' title='bbox 1539 1503 1588 1544; x_wconf 90' lang='lat' dir='ltr'>et</span> <span class='ocrx_word' id='word_1_151' title='bbox 1619 1493 1845 1544; x_wconf 88' lang='lat' dir='ltr'>universa</span> <span class='ocrx_word' id='word_1_152' title='bbox 1875 1511 1928 1543; x_wconf 90' lang='lat' dir='ltr'>re</span> 
     </span>
     <span class='ocr_line' id='line_1_18' title="bbox 272 1574 1929 1639; baseline -0.001 -14"><span class='ocrx_word' id='word_1_153' title='bbox 272 1575 467 1639; x_wconf 87' lang='lat' dir='ltr'>cognita</span> <span class='ocrx_word' id='word_1_154' title='bbox 507 1577 572 1625; x_wconf 95' lang='lat' dir='ltr'>de</span> <span class='ocrx_word' id='word_1_155' title='bbox 613 1574 814 1639; x_wconf 88' lang='lat' dir='ltr'>singulis</span> <span class='ocrx_word' id='word_1_156' title='bbox 855 1575 948 1625; x_wconf 90' lang='lat' dir='ltr'>reis</span> <span class='ocrx_word' id='word_1_157' title='bbox 989 1585 1039 1625; x_wconf 91' lang='lat' dir='ltr'>et</span> <span class='ocrx_word' id='word_1_158' title='bbox 1087 1575 1374 1625; x_wconf 90' lang='lat' dir='ltr'>criminibus</span> <span class='ocrx_word' id='word_1_159' title='bbox 1415 1585 1464 1625; x_wconf 92' lang='lat' dir='ltr'>et</span> <span class='ocrx_word' id='word_1_160' title='bbox 1508 1575 1676 1626; x_wconf 89' lang='lat' dir='ltr'>litibus</span> <span class='ocrx_word' id='word_1_161' title='bbox 1717 1584 1929 1626; x_wconf 88' lang='lat' dir='ltr'>statuere</span> 
     </span>
     <span class='ocr_line' id='line_1_19' title="bbox 170 1656 1926 1721; baseline 0.001 -17"><span class='ocrx_word' id='word_1_162' title='bbox 170 1674 243 1704; x_wconf 84' lang='lat'>121</span> <span class='ocrx_word' id='word_1_163' title='bbox 271 1656 474 1721; x_wconf 90' lang='lat' dir='ltr'>possint.</span> <span class='ocrx_word' id='word_1_164' title='bbox 586 1659 736 1706; x_wconf 91' lang='lat' dir='ltr'>Hanc</span> <span class='ocrx_word' id='word_1_165' title='bbox 798 1659 863 1707; x_wconf 91' lang='lat' dir='ltr'>ad</span> <span class='ocrx_word' id='word_1_166' title='bbox 927 1656 1339 1707; x_wconf 91' lang='lat' dir='ltr'>consuetudinem</span> <span class='ocrx_word' id='word_1_167' title='bbox 1402 1657 1762 1708; x_wconf 88' lang='lat' dir='ltr'>exercitationis</span> <span class='ocrx_word' id='word_1_168' title='bbox 1823 1673 1926 1718; x_wconf 80' lang='lat' dir='ltr'>VOS,</span> 
     </span>
     <span class='ocr_line' id='line_1_20' title="bbox 270 1737 1928 1802; baseline 0.001 -16"><span class='ocrx_word' id='word_1_169' title='bbox 270 1739 624 1797; x_wconf 90' lang='lat' dir='ltr'>adulescentes,</span> <span class='ocrx_word' id='word_1_170' title='bbox 675 1746 748 1786; x_wconf 93' lang='lat' dir='ltr'>est</span> <span class='ocrx_word' id='word_1_171' title='bbox 806 1739 1089 1787; x_wconf 90' lang='lat' dir='ltr'>cohortatus</span> <span class='ocrx_word' id='word_1_172' title='bbox 1135 1737 1383 1787; x_wconf 91' lang='lat' dir='ltr'>Antonius</span> <span class='ocrx_word' id='word_1_173' title='bbox 1441 1747 1591 1802; x_wconf 92' lang='lat' dir='ltr'>atque</span> <span class='ocrx_word' id='word_1_174' title='bbox 1639 1755 1671 1787; x_wconf 89' lang='lat' dir='ltr'>a</span> <span class='ocrx_word' id='word_1_175' title='bbox 1725 1737 1928 1788; x_wconf 90' lang='lat' dir='ltr'>minutis</span> 
     </span>
    </p>

    <p class='ocr_par' dir='ltr' id='par_1_6' title="bbox 271 1811 2006 2206">
     <span class='ocr_line' id='line_1_21' title="bbox 271 1811 2006 1883; baseline -0.001 -16"><span class='ocrx_word' id='word_1_176' title='bbox 271 1818 590 1882; x_wconf 86' lang='lat' dir='ltr'>angustisque</span> <span class='ocrx_word' id='word_1_177' title='bbox 614 1818 1061 1868; x_wconf 89' lang='lat' dir='ltr'>concertationibus</span> <span class='ocrx_word' id='word_1_178' title='bbox 1090 1820 1154 1867; x_wconf 90' lang='lat' dir='ltr'>ad</span> <span class='ocrx_word' id='word_1_179' title='bbox 1187 1835 1388 1868; x_wconf 92' lang='lat' dir='ltr'>ornnem</span> <span class='ocrx_word' id='word_1_180' title='bbox 1417 1811 1517 1867; x_wconf 86' lang='lat' dir='ltr'>vim</span> <span class='ocrx_word' id='word_1_181' title='bbox 1545 1818 1928 1883; x_wconf 89' lang='lat' dir='ltr'>varietatemque</span> <span class='ocrx_word' id='word_1_182' title='bbox 1952 1835 2006 1866; x_wconf 83' lang='lat'>20</span> 
     </span>
     <span class='ocr_line' id='line_1_22' title="bbox 271 1898 1930 1965; baseline 0.001 -17"><span class='ocrx_word' id='word_1_183' title='bbox 271 1916 359 1949; x_wconf 92' lang='lat' dir='ltr'>vos</span> <span class='ocrx_word' id='word_1_184' title='bbox 400 1898 672 1949; x_wconf 90' lang='lat' dir='ltr'>disserendi</span> <span class='ocrx_word' id='word_1_185' title='bbox 713 1900 1043 1948; x_wconf 90' lang='lat' dir='ltr'>traducendos</span> <span class='ocrx_word' id='word_1_186' title='bbox 1081 1898 1268 1962; x_wconf 86' lang='lat' dir='ltr'>putavit</span> <span class='ocrx_word' id='word_1_187' title='bbox 1284 1917 1298 1960; x_wconf 79' lang='lat'><em>3</em></span> <span class='ocrx_word' id='word_1_188' title='bbox 1345 1916 1444 1963; x_wconf 91' lang='lat' dir='ltr'>qua</span> <span class='ocrx_word' id='word_1_189' title='bbox 1477 1917 1528 1949; x_wconf 92' lang='lat' dir='ltr'>re</span> <span class='ocrx_word' id='word_1_190' title='bbox 1563 1917 1666 1949; x_wconf 92' lang='lat' dir='ltr'>non</span> <span class='ocrx_word' id='word_1_191' title='bbox 1703 1909 1778 1950; x_wconf 90' lang='lat' dir='ltr'>est</span> <span class='ocrx_word' id='word_1_192' title='bbox 1813 1916 1930 1965; x_wconf 81' lang='lat' dir='ltr'>pau-</span> 
     </span>
     <span class='ocr_line' id='line_1_23' title="bbox 275 1979 1933 2045; baseline 0.001 -16"><span class='ocrx_word' id='word_1_193' title='bbox 275 1997 445 2030; x_wconf 92' lang='lat' dir='ltr'>corum</span> <span class='ocrx_word' id='word_1_194' title='bbox 493 1979 770 2029; x_wconf 91' lang='lat' dir='ltr'>libellorum</span> <span class='ocrx_word' id='word_1_195' title='bbox 812 1982 908 2028; x_wconf 92' lang='lat' dir='ltr'>hoc</span> <span class='ocrx_word' id='word_1_196' title='bbox 956 1996 1148 2039; x_wconf 92' lang='lat' dir='ltr'>munus,</span> <span class='ocrx_word' id='word_1_197' title='bbox 1191 1990 1244 2029; x_wconf 90' lang='lat' dir='ltr'>ut</span> <span class='ocrx_word' id='word_1_198' title='bbox 1291 1981 1350 2041; x_wconf 90' lang='lat' dir='ltr'>ei,</span> <span class='ocrx_word' id='word_1_199' title='bbox 1391 1980 1476 2044; x_wconf 92' lang='lat' dir='ltr'>qui</span> <span class='ocrx_word' id='word_1_200' title='bbox 1523 1981 1818 2045; x_wconf 90' lang='lat' dir='ltr'>scripserunt</span> <span class='ocrx_word' id='word_1_201' title='bbox 1863 1981 1933 2031; x_wconf 84' lang='lat' dir='ltr'>de</span> 
     </span>
     <span class='ocr_line' id='line_1_24' title="bbox 272 2061 1935 2126; baseline 0 -15"><span class='ocrx_word' id='word_1_202' title='bbox 272 2061 473 2112; x_wconf 93' lang='lat' dir='ltr'>dicendi</span> <span class='ocrx_word' id='word_1_203' title='bbox 508 2061 708 2121; x_wconf 90' lang='lat' dir='ltr'>ratione,</span> <span class='ocrx_word' id='word_1_204' title='bbox 746 2061 1050 2121; x_wconf 88' lang='lat' dir='ltr'>arbitrantur,</span> <span class='ocrx_word' id='word_1_205' title='bbox 1097 2078 1259 2125; x_wconf 94' lang='lat' dir='ltr'>neque</span> <span class='ocrx_word' id='word_1_206' title='bbox 1295 2061 1565 2111; x_wconf 91' lang='lat' dir='ltr'>Tusculani</span> <span class='ocrx_word' id='word_1_207' title='bbox 1599 2070 1747 2126; x_wconf 88' lang='lat' dir='ltr'>atque</span> <span class='ocrx_word' id='word_1_208' title='bbox 1782 2061 1935 2111; x_wconf 85' lang='lat' dir='ltr'>huius</span> 
     </span>
     <span class='ocr_line' id='line_1_25' title="bbox 272 2141 1930 2206; baseline 0.001 -15"><span class='ocrx_word' id='word_1_209' title='bbox 272 2141 621 2192; x_wconf 88' lang='lat' dir='ltr'>ambulationis</span> <span class='ocrx_word' id='word_1_210' title='bbox 673 2141 1087 2191; x_wconf 88' lang='lat' dir='ltr'>antemeridianae</span> <span class='ocrx_word' id='word_1_211' title='bbox 1143 2152 1228 2190; x_wconf 88' lang='lat' dir='ltr'>aut</span> <span class='ocrx_word' id='word_1_212' title='bbox 1286 2151 1482 2192; x_wconf 93' lang='lat' dir='ltr'>nostrae</span> <span class='ocrx_word' id='word_1_213' title='bbox 1537 2141 1930 2206; x_wconf 88' lang='lat' dir='ltr'>posmeridianae</span> 
     </span>
    </p>

    <p class='ocr_par' dir='ltr' id='par_1_7' title="bbox 177 2210 2011 2941">
     <span class='ocr_line' id='line_1_26' title="bbox 274 2210 2011 2286; baseline -0.001 -17"><span class='ocrx_word' id='word_1_214' title='bbox 274 2219 535 2280; x_wconf 83' lang='lat' dir='ltr'>sessionis;</span> <span class='ocrx_word' id='word_1_215' title='bbox 592 2236 695 2269; x_wconf 92' lang='lat' dir='ltr'>non</span> <span class='ocrx_word' id='word_1_216' title='bbox 746 2219 879 2269; x_wconf 92' lang='lat' dir='ltr'>enim</span> <span class='ocrx_word' id='word_1_217' title='bbox 926 2221 1086 2270; x_wconf 90' lang='lat' dir='ltr'>solum</span> <span class='ocrx_word' id='word_1_218' title='bbox 1133 2222 1359 2270; x_wconf 91' lang='lat' dir='ltr'>acuenda</span> <span class='ocrx_word' id='word_1_219' title='bbox 1413 2221 1558 2270; x_wconf 92' lang='lat' dir='ltr'>nobis</span> <span class='ocrx_word' id='word_1_220' title='bbox 1604 2210 1767 2286; x_wconf 90' lang='lat' dir='ltr'>neque</span> <span class='ocrx_word' id='word_1_221' title='bbox 1804 2237 1936 2285; x_wconf 8' lang='lat' dir='ltr'>apro·-</span> <span class='ocrx_word' id='word_1_222' title='bbox 1956 2217 2011 2278; x_wconf 64' lang='lat'>25</span> 
     </span>
     <span class='ocr_line' id='line_1_27' title="bbox 275 2301 1932 2367; baseline 0.001 -17"><span class='ocrx_word' id='word_1_223' title='bbox 275 2302 506 2351; x_wconf 91' lang='lat' dir='ltr'>cudenda</span> <span class='ocrx_word' id='word_1_224' title='bbox 528 2301 694 2365; x_wconf 89' lang='lat' dir='ltr'>lingua</span> <span class='ocrx_word' id='word_1_225' title='bbox 717 2310 802 2361; x_wconf 91' lang='lat' dir='ltr'>est,</span> <span class='ocrx_word' id='word_1_226' title='bbox 832 2303 919 2352; x_wconf 92' lang='lat' dir='ltr'>sed</span> <span class='ocrx_word' id='word_1_227' title='bbox 945 2303 1252 2352; x_wconf 92' lang='lat' dir='ltr'>onerandum</span> <span class='ocrx_word' id='word_1_228' title='bbox 1277 2303 1730 2367; x_wconf 89' lang='lat' dir='ltr'>complendumque</span> <span class='ocrx_word' id='word_1_229' title='bbox 1757 2310 1932 2366; x_wconf 87' lang='lat' dir='ltr'>pectus</span> 
     </span>
     <span class='ocr_line' id='line_1_28' title="bbox 237 2382 1928 2464; baseline 0.001 -34"><span class='ocrx_word' id='word_1_230' title='bbox 237 2431 257 2464; x_wconf 68' lang='grc' dir='ltr'>Ι</span> <span class='ocrx_word' id='word_1_231' title='bbox 279 2382 599 2431; x_wconf 86' lang='lat' dir='ltr'>maximarum</span> <span class='ocrx_word' id='word_1_232' title='bbox 624 2400 784 2432; x_wconf 90' lang='lat' dir='ltr'>rerum</span> <span class='ocrx_word' id='word_1_233' title='bbox 810 2392 858 2432; x_wconf 92' lang='lat' dir='ltr'>et</span> <span class='ocrx_word' id='word_1_234' title='bbox 882 2384 1199 2447; x_wconf 90' lang='lat' dir='ltr'>plurimarum</span> <span class='ocrx_word' id='word_1_235' title='bbox 1224 2384 1473 2444; x_wconf 90' lang='lat' dir='ltr'>suavitate,</span> <span class='ocrx_word' id='word_1_236' title='bbox 1501 2382 1657 2447; x_wconf 88' lang='lat' dir='ltr'>copia,</span> <span class='ocrx_word' id='word_1_237' title='bbox 1683 2382 1928 2434; x_wconf 87' lang='lat' dir='ltr'>varietate.</span> 
     </span>
     <span class='ocr_line' id='line_1_29' title="bbox 177 2463 1934 2533; baseline 0 -21"><span class='ocrx_word' id='word_1_238' title='bbox 177 2503 254 2533; x_wconf 70' lang='lat'>122</span> <span class='ocrx_word' id='word_1_239' title='bbox 279 2465 461 2512; x_wconf 90' lang='lat' dir='ltr'>Nostra</span> <span class='ocrx_word' id='word_1_240' title='bbox 496 2473 569 2513; x_wconf 92' lang='lat' dir='ltr'>est</span> <span class='ocrx_word' id='word_1_241' title='bbox 603 2463 846 2514; x_wconf 86' lang='lat' dir='ltr'>enim—si</span> <span class='ocrx_word' id='word_1_242' title='bbox 882 2467 1034 2515; x_wconf 92' lang='lat' dir='ltr'>modo</span> <span class='ocrx_word' id='word_1_243' title='bbox 1068 2482 1160 2514; x_wconf 93' lang='lat' dir='ltr'>nos</span> <span class='ocrx_word' id='word_1_244' title='bbox 1195 2474 1422 2525; x_wconf 90' lang='lat' dir='ltr'>oratores,</span> <span class='ocrx_word' id='word_1_245' title='bbox 1461 2464 1503 2514; x_wconf 93' lang='lat' dir='ltr'>si</span> <span class='ocrx_word' id='word_1_246' title='bbox 1536 2463 1588 2513; x_wconf 92' lang='lat' dir='ltr'>in</span> <span class='ocrx_word' id='word_1_247' title='bbox 1622 2463 1803 2514; x_wconf 86' lang='lat' dir='ltr'>civium</span> <span class='ocrx_word' id='word_1_248' title='bbox 1838 2463 1934 2514; x_wconf 90' lang='lat' dir='ltr'>dis-</span> 
     </span>
     <span class='ocr_line' id='line_1_30' title="bbox 278 2535 1942 2611; baseline 0.001 -18"><span class='ocrx_word' id='word_1_249' title='bbox 278 2544 652 2609; x_wconf 77' lang='lat' dir='ltr'>ceptationibu3‚</span> <span class='ocrx_word' id='word_1_250' title='bbox 680 2545 720 2595; x_wconf 94' lang='lat' dir='ltr'>si</span> <span class='ocrx_word' id='word_1_251' title='bbox 751 2545 802 2595; x_wconf 94' lang='lat' dir='ltr'>in</span> <span class='ocrx_word' id='word_1_252' title='bbox 834 2546 1075 2611; x_wconf 83' lang='lat' dir='ltr'>periculiS‚</span> <span class='ocrx_word' id='word_1_253' title='bbox 1102 2546 1143 2596; x_wconf 94' lang='lat' dir='ltr'>si</span> <span class='ocrx_word' id='word_1_254' title='bbox 1174 2546 1226 2596; x_wconf 93' lang='lat' dir='ltr'>in</span> <span class='ocrx_word' id='word_1_255' title='bbox 1253 2545 1690 2597; x_wconf 89' lang='lat' dir='ltr'>deliberationibus</span> <span class='ocrx_word' id='word_1_256' title='bbox 1710 2535 1942 2611; x_wconf 64' lang='lat' dir='ltr'>publicis?</span> 
     </span>
     <span class='ocr_line' id='line_1_31' title="bbox 333 2672 1932 2728; baseline 0.001 -16"><span class='ocrx_word' id='word_1_257' title='bbox 333 2672 385 2712; x_wconf 92' lang='lat' dir='ltr'><em>M</em></span> <span class='ocrx_word' id='word_1_258' title='bbox 403 2694 438 2707; x_wconf 95' lang='lat'>=</span> <span class='ocrx_word' id='word_1_259' title='bbox 458 2674 594 2714; x_wconf 88' lang='lat' dir='ltr'>AEH</span> <span class='ocrx_word' id='word_1_260' title='bbox 750 2688 775 2726; x_wconf 88' lang='lat'>5</span> <span class='ocrx_word' id='word_1_261' title='bbox 806 2677 1060 2727; x_wconf 88' lang='lat' dir='ltr'>discrepavit</span> <span class='ocrx_word' id='word_1_262' title='bbox 1081 2674 1134 2714; x_wconf 92' lang='lat' dir='ltr'><em>M</em></span> <span class='ocrx_word' id='word_1_263' title='bbox 1147 2691 1156 2715; x_wconf 78' lang='lat' dir='ltr'><strong><em>z</em></strong></span> <span class='ocrx_word' id='word_1_264' title='bbox 1186 2675 1419 2727; x_wconf 86' lang='lat' dir='ltr'>discrepuit</span> <span class='ocrx_word' id='word_1_265' title='bbox 1437 2674 1475 2713; x_wconf 94' lang='lat' dir='ltr'><em>L</em></span> <span class='ocrx_word' id='word_1_266' title='bbox 1495 2673 1603 2716; x_wconf 87' lang='lat' dir='ltr'>Non.</span> <span class='ocrx_word' id='word_1_267' title='bbox 1626 2673 1737 2728; x_wconf 84' lang='lat' dir='ltr'><em>vulg.</em></span> <span class='ocrx_word' id='word_1_268' title='bbox 1903 2674 1932 2713; x_wconf 89' lang='lat'><strong>6</strong></span> 
     </span>
     <span class='ocr_line' id='line_1_32' title="bbox 281 2725 1930 2781; baseline 0 -15"><span class='ocrx_word' id='word_1_269' title='bbox 281 2728 469 2779; x_wconf 82' lang='lat' dir='ltr'>utrisque</span> <span class='ocrx_word' id='word_1_270' title='bbox 491 2731 846 2780; x_wconf 86' lang='lat' dir='ltr'>disputationibus</span> <span class='ocrx_word' id='word_1_271' title='bbox 867 2733 903 2770; x_wconf 96' lang='lat' dir='ltr'><em>L</em></span> <span class='ocrx_word' id='word_1_272' title='bbox 1054 2743 1104 2780; x_wconf 93' lang='lat'>14</span> <span class='ocrx_word' id='word_1_273' title='bbox 1134 2737 1177 2770; x_wconf 91' lang='lat' dir='ltr'>et</span> <span class='ocrx_word' id='word_1_274' title='bbox 1196 2745 1221 2769; x_wconf 91' lang='lat' dir='ltr'>a</span> <span class='ocrx_word' id='word_1_275' title='bbox 1240 2730 1444 2781; x_wconf 84' lang='lat' dir='ltr'>singulari</span> <span class='ocrx_word' id='word_1_276' title='bbox 1465 2730 1518 2769; x_wconf 90' lang='lat' dir='ltr'><strong><em>M</em></strong></span> <span class='ocrx_word' id='word_1_277' title='bbox 1532 2745 1549 2770; x_wconf 84' lang='lat'>:-</span> <span class='ocrx_word' id='word_1_278' title='bbox 1569 2742 1619 2770; x_wconf 88' lang='lat' dir='ltr'>ac</span> <span class='ocrx_word' id='word_1_279' title='bbox 1638 2725 1844 2780; x_wconf 84' lang='lat' dir='ltr'>singulari</span> <span class='ocrx_word' id='word_1_280' title='bbox 1862 2725 1930 2767; x_wconf 88' lang='lat' dir='ltr'>L·:</span> 
     </span>
     <span class='ocr_line' id='line_1_33' title="bbox 281 2782 1931 2835; baseline -0.001 -14"><span class='ocrx_word' id='word_1_281' title='bbox 281 2782 324 2821; x_wconf 90' lang='lat' dir='ltr'>id</span> <span class='ocrx_word' id='word_1_282' title='bbox 345 2788 410 2822; x_wconf 90' lang='lat' dir='ltr'>est</span> <span class='ocrx_word' id='word_1_283' title='bbox 429 2797 454 2822; x_wconf 91' lang='lat' dir='ltr'>a</span> <span class='ocrx_word' id='word_1_284' title='bbox 472 2784 673 2834; x_wconf 88' lang='lat' dir='ltr'>singulari</span> <span class='ocrx_word' id='word_1_285' title='bbox 694 2786 846 2825; x_wconf 84' lang='lat' dir='ltr'>maluit</span> <span class='ocrx_word' id='word_1_286' title='bbox 863 2783 1066 2824; x_wconf 72' lang='lat' dir='ltr'>Friedrich</span> <span class='ocrx_word' id='word_1_287' title='bbox 1086 2797 1095 2824; x_wconf 74' lang='lat' dir='ltr'><strong><em>z</em></strong></span> <span class='ocrx_word' id='word_1_288' title='bbox 1122 2798 1147 2825; x_wconf 87' lang='lat' dir='ltr'>a</span> <span class='ocrx_word' id='word_1_289' title='bbox 1166 2785 1329 2835; x_wconf 85' lang='lat' dir='ltr'>privata</span> <span class='ocrx_word' id='word_1_290' title='bbox 1347 2790 1391 2823; x_wconf 89' lang='lat' dir='ltr'>et</span> <span class='ocrx_word' id='word_1_291' title='bbox 1405 2783 1567 2823; x_wconf 62' lang='lat' dir='ltr'>&gt;seclusit</span> <span class='ocrx_word' id='word_1_292' title='bbox 1583 2782 1744 2833; x_wconf 85' lang='lat' dir='ltr'>Kayser</span> <span class='ocrx_word' id='word_1_293' title='bbox 1879 2782 1931 2820; x_wconf 92' lang='lat'>16</span> 
     </span>
     <span class='ocr_line' id='line_1_34' title="bbox 282 2835 1943 2888; baseline 0 -14"><span class='ocrx_word' id='word_1_294' title='bbox 282 2837 456 2875; x_wconf 85' lang='lat' dir='ltr'>audiant</span> <span class='ocrx_word' id='word_1_295' title='bbox 485 2838 593 2877; x_wconf 86' lang='lat' dir='ltr'>codd.</span> <span class='ocrx_word' id='word_1_296' title='bbox 616 2854 624 2878; x_wconf 77' lang='grc' dir='ltr'>ε</span> <span class='ocrx_word' id='word_1_297' title='bbox 663 2840 841 2879; x_wconf 89' lang='lat' dir='ltr'>audiunt</span> <span class='ocrx_word' id='word_1_298' title='bbox 868 2839 1025 2879; x_wconf 68' lang='lat' dir='ltr'>Schiltz</span> <span class='ocrx_word' id='word_1_299' title='bbox 1231 2844 1408 2878; x_wconf 88' lang='lat' dir='ltr'>naturae</span> <span class='ocrx_word' id='word_1_300' title='bbox 1434 2850 1593 2888; x_wconf 87' lang='lat' dir='ltr'>genere</span> <span class='ocrx_word' id='word_1_301' title='bbox 1612 2835 1666 2874; x_wconf 90' lang='lat' dir='ltr'><em>M</em></span> <span class='ocrx_word' id='word_1_302' title='bbox 1729 2854 1732 2857; x_wconf 50' lang='lat'><em>⁴</em></span> <span class='ocrx_word' id='word_1_303' title='bbox 1881 2845 1943 2884; x_wconf 48' lang='lat'>17⁷</span> 
     </span>
     <span class='ocr_line' id='line_1_35' title="bbox 283 2888 1947 2941; baseline -0.001 -13"><span class='ocrx_word' id='word_1_304' title='bbox 283 2890 367 2929; x_wconf 86' lang='lat' dir='ltr'>reis</span> <span class='ocrx_word' id='word_1_305' title='bbox 402 2892 507 2941; x_wconf 80' lang='lat' dir='ltr'><em>vulg.</em></span> <span class='ocrx_word' id='word_1_306' title='bbox 533 2907 541 2930; x_wconf 91' lang='lat'>:</span> <span class='ocrx_word' id='word_1_307' title='bbox 582 2893 642 2931; x_wconf 91' lang='lat' dir='ltr'>rei</span> <span class='ocrx_word' id='word_1_308' title='bbox 674 2893 752 2931; x_wconf 78' lang='lat' dir='ltr'>M:</span> <span class='ocrx_word' id='word_1_309' title='bbox 797 2894 924 2932; x_wconf 89' lang='lat' dir='ltr'>rebus</span> <span class='ocrx_word' id='word_1_310' title='bbox 956 2892 1156 2932; x_wconf 80' lang='lat' dir='ltr'>Matthias</span> <span class='ocrx_word' id='word_1_311' title='bbox 1314 2903 1371 2941; x_wconf 76' lang='lat'>23</span> <span class='ocrx_word' id='word_1_312' title='bbox 1397 2891 1590 2930; x_wconf 85' lang='lat' dir='ltr'>arbitrati</span> <span class='ocrx_word' id='word_1_313' title='bbox 1619 2896 1718 2934; x_wconf 83' lang='lat' dir='ltr'>sunt</span> <span class='ocrx_word' id='word_1_314' title='bbox 1750 2888 1788 2927; x_wconf 92' lang='lat' dir='ltr'><em>L</em></span> <span class='ocrx_word' id='word_1_315' title='bbox 1813 2889 1947 2940; x_wconf 54' lang='lat' dir='ltr'><em>vulgx</em></span> 
     </span>
    </p>
   </div>
   <div class='ocr_carea' id='block_1_3' title="bbox 283 2941 1941 3039">
    <p class='ocr_par' dir='ltr' id='par_1_8' title="bbox 283 2941 1941 3039">
     <span class='ocr_line' id='line_1_36' title="bbox 283 2941 1941 2997; baseline -0.001 -15"><span class='ocrx_word' id='word_1_316' title='bbox 283 2957 334 2992; x_wconf 89' lang='lat'>24</span> <span class='ocrx_word' id='word_1_317' title='bbox 365 2946 700 2994; x_wconf 83' lang='lat' dir='ltr'>promeridianae</span> <span class='ocrx_word' id='word_1_318' title='bbox 721 2945 830 2986; x_wconf 89' lang='lat' dir='ltr'>codd.</span> <span class='ocrx_word' id='word_1_319' title='bbox 850 2946 986 2997; x_wconf 84' lang='lat' dir='ltr'>plurr.</span> <span class='ocrx_word' id='word_1_320' title='bbox 1153 2957 1207 2995; x_wconf 87' lang='lat'>29</span> <span class='ocrx_word' id='word_1_321' title='bbox 1233 2944 1270 2984; x_wconf 90' lang='lat' dir='ltr'>si</span> <span class='ocrx_word' id='word_1_322' title='bbox 1290 2945 1334 2984; x_wconf 91' lang='lat' dir='ltr'>in</span> <span class='ocrx_word' id='word_1_323' title='bbox 1362 2944 1572 2995; x_wconf 77' lang='lat' dir='ltr'>periculis,</span> <span class='ocrx_word' id='word_1_324' title='bbox 1595 2943 1703 2983; x_wconf 78' lang='lat' dir='ltr'>si-in</span> <span class='ocrx_word' id='word_1_325' title='bbox 1724 2941 1941 2982; x_wconf 39' lang='lat' dir='ltr'>delibera-⁴</span> 
     </span>
     <span class='ocr_line' id='line_1_37' title="bbox 284 2997 645 3039; baseline 0 -2"><span class='ocrx_word' id='word_1_326' title='bbox 284 2997 466 3038; x_wconf 86' lang='lat' dir='ltr'>tionibus</span> <span class='ocrx_word' id='word_1_327' title='bbox 486 3012 567 3039; x_wconf 80' lang='lat' dir='ltr'>om,</span> <span class='ocrx_word' id='word_1_328' title='bbox 592 2998 645 3037; x_wconf 92' lang='lat' dir='ltr'><em>M</em></span> 
     </span>
    </p>
   </div>
  </div>
 </body>
</html>
