2112 3444
775 157 871 206 DE
908 156 1248 206 ORATORE
1284 156 1309 206 1

213 295 374 361 inquit
399 299 412 323 ‘
425 295 763 357 animadverti,
782 297 972 356 Crasse,
990 304 1039 344 et
1057 303 1106 344 te
1124 303 1172 344 et
1191 303 1380 344 ceteros
1404 311 1626 345 summos
1645 304 1877 356 oratoreS,

211 390 516 443 quamquam
558 378 647 428 tibi
685 395 772 442 par
809 394 920 426 mea
957 375 1202 426 sententia
1236 392 1385 425 nemo
1420 391 1658 438 umquam
1694 375 1798 435 fuit,
1824 375 1875 426 in

213 455 414 508 dicendi
451 457 654 508 exordio
690 456 964 522 permoveri
982 475 996 517 3
1044 455 1182 506 cuius
1212 455 1415 519 quidem
1444 454 1513 504 rei
1537 472 1651 504 cum
1678 471 1876 506 causam

211 525 512 602 quaererem,
572 537 812 602 quidnam
870 545 999 586 esset
1057 553 1156 596 cur,
1207 544 1260 584 ut
1317 534 1369 584 in
1428 550 1629 598 quoque
1686 543 1878 584 oratore

164 636 188 678 5
211 618 479 683 plurimum
516 628 659 679 esset,
699 619 767 669 ita
807 618 1020 668 maxime
1057 617 1098 667 is
1139 616 1518 681 pertimesceret,
1567 617 1656 665 has
1704 633 1876 665 causas

211 697 525 749 inveniebam
563 700 716 750 duas:
765 715 931 759 unam,
959 699 1096 761 quod
1133 697 1471 761 intellegerent
1508 696 1568 756 ei,
1595 712 1721 759 quos
1759 713 1877 747 usus

210 794 271 828 ac
294 788 469 829 natura
491 778 756 839 docuisset,
783 796 886 829 non
911 794 1185 842 numquam
1217 777 1423 827 summis
1461 775 1736 826 oratoribus
1773 793 1876 825 non

212 859 330 911 satis
375 877 435 910 ex
481 860 726 911 sententia
771 868 1003 909 eventum
1051 857 1251 909 dicendi
1296 858 1597 922 procedere3
1653 856 1722 906 ita
1774 873 1877 906 non

211 939 402 1001 iniuria,
427 941 877 1005 quotienscumque
901 940 1136 1000 dicerent,
1162 939 1228 1000 id,
1256 940 1394 1003 quod
1416 938 1686 1002 aliquando
1710 947 1878 1002 posset

138 1037 193 1070 ιο
211 1020 450 1082 accidere,
477 1039 542 1071 ne
579 1021 664 1072 illo
702 1021 813 1086 ipso
847 1028 1048 1086 tempore
1078 1019 1338 1080 accideret,
1365 1019 1570 1081 timere3
1617 1021 1770 1069 altera
1803 1027 1877 1070 est

211 1103 349 1163 haec,
376 1103 441 1153 de
468 1119 569 1166 qua
599 1102 738 1167 queri
770 1119 918 1166 saepe
950 1104 1119 1164 sole03
1170 1103 1307 1165 quod
1339 1110 1611 1151 ceterarum
1647 1100 1877 1150 homines

208 1182 388 1232 artium
426 1183 632 1248 spectati
673 1192 722 1233 et
759 1182 967 1247 probati,
1009 1182 1049 1232 si
1087 1183 1289 1246 quando
1323 1181 1512 1245 aliquid
1548 1180 1712 1230 minus
1748 1181 1878 1230 bene

210 1264 432 1317 fecerunt
465 1280 617 1328 quam
649 1266 824 1325 solent,
854 1266 939 1314 aut
974 1263 1191 1314 noluisse
1222 1272 1307 1312 aut
1338 1261 1621 1313 valetudine
1652 1261 1878 1325 impediti

211 1361 314 1395 non
348 1344 570 1409 potuisse
606 1345 846 1409 consequi
878 1345 945 1406 id,
972 1346 1110 1409 quod
1142 1344 1336 1405 scirent,
1363 1352 1626 1408 putantur:
1666 1342 1878 1394 ‘noluit’

139 1441 188 1485 ¹5
210 1424 442 1490 inquiunt
485 1427 664 1477 ‘hodie
703 1444 847 1491 agere
890 1427 1134 1486 RosciuS,'
1174 1435 1259 1476 aut
1303 1431 1314 1452 ‘
1333 1425 1530 1476 crudior
1570 1424 1687 1474 fuit’
1704 1443 1719 1486 3
1774 1440 1878 1474 ora-

209 1506 329 1558 toris
362 1517 638 1572 peccatum,
665 1508 706 1558 si
730 1509 868 1572 quod
901 1518 975 1558 est
1005 1508 1416 1567 animadversum,
1443 1506 1677 1556 stultitiae
1707 1522 1879 1569 pecca-

209 1596 316 1639 tum
371 1589 596 1650 videtur3
653 1589 859 1639 stultitia
911 1598 1078 1639 autem
1130 1588 1497 1639 excusationem
1550 1605 1653 1640 non
1710 1587 1876 1647 habet,

208 1669 327 1734 quia
362 1687 513 1721 nemo
549 1670 756 1732 videtur,
795 1680 881 1721 aut
921 1671 1039 1735 quia
1084 1672 1265 1721 crudus
1311 1670 1455 1720 fuerit
1501 1679 1586 1720 aut
1632 1670 1771 1733 quod
1810 1668 1879 1718 ita

209 1751 448 1813 maluerit,
493 1754 670 1802 stultus
718 1751 900 1813 fuisse3
965 1770 1067 1816 quo
1115 1752 1263 1802 etiam
1303 1751 1496 1815 gravius
1543 1750 1783 1800 iudicium
1825 1749 1877 1799 in

136 1848 188 1878 πο
209 1832 427 1883 dicendo
451 1832 705 1883 subimus:
742 1834 973 1898 quotiens
1011 1833 1144 1883 enim
1177 1833 1402 1893 dicimuS,
1430 1832 1611 1882 totiens
1636 1833 1701 1882 de
1732 1830 1878 1882 nobis

209 1911 466 1974 iudicatur,
507 1922 570 1974 et,
611 1913 698 1977 qui
739 1916 894 1964 semel
931 1914 983 1963 in
1030 1923 1170 1977 gestu
1216 1913 1452 1978 peccavit,
1496 1930 1600 1963 non
1639 1911 1879 1962 continuo

208 1992 513 2043 existimatur
548 1994 739 2044 nescire
775 2003 983 2058 gestum,
1028 1994 1167 2044 cuius
1205 2003 1372 2043 autem
1408 1993 1459 2041 in
1501 1993 1718 2042 dicendo
1756 1992 1878 2056 quid

208 2075 562 2138 reprehensum
587 2083 675 2136 est,
702 2083 788 2124 aut
810 2084 1011 2125 aeterna
1047 2074 1099 2124 in
1132 2091 1194 2124 eo
1228 2083 1314 2123 aut
1338 2082 1470 2123 certe
1493 2073 1726 2123 diuturna
1749 2074 1878 2122 valet

209 2153 380 2218 opinio
420 2155 673 2206 tarditatis.
750 2157 884 2207 Illud
921 2172 1051 2216 vero,
1085 2156 1223 2219 quod
1261 2172 1291 2204 a
1327 2164 1376 2204 te
1418 2154 1607 2204 dictum
1643 2163 1731 2214 est,
1770 2171 1877 2203 esse

134 2251 184 2293 ²5
208 2237 465 2300 permulta,
496 2253 625 2300 quae
665 2246 829 2287 orator
864 2255 895 2287 a
931 2240 1106 2286 natura
1140 2236 1235 2286 nisi
1270 2236 1487 2296 haberet,
1526 2253 1629 2285 non
1665 2237 1877 2285 multum

198 2330 239 2367 ,a
278 2315 511 2380 magistro
547 2316 873 2378 adiuvaretur,
912 2319 1056 2367 valde
1094 2316 1185 2367 tibi
1226 2317 1480 2367 adsentior·
1514 2315 1666 2379 inque
1703 2333 1765 2365 eo
1800 2316 1878 2365 vel

208 2395 422 2447 maxime
456 2398 661 2462 probavi
697 2416 949 2448 summum
986 2399 1126 2448 illum
1161 2400 1433 2458 doctorem,
1471 2398 1876 2447 Alabandensem

207 2476 548 2541 ApoUonium,
587 2478 674 2543 qui
711 2496 827 2529 cum
864 2482 1094 2530 mercede
1131 2481 1347 2540 doceret,
1386 2489 1553 2529 tamen
1591 2495 1694 2529 non
1729 2478 1878 2543 patie-

208 2558 352 2609 batur
405 2576 506 2620 εοε,
555 2576 683 2624 quos
737 2560 989 2610 iudicabat
1045 2577 1147 2610 non
1194 2578 1341 2624 posse
1388 2569 1605 2611 oratores
1652 2561 1874 2620 evadere,

131 2636 184 2698 30
206 2655 410 2703 operam
467 2642 603 2704 apud
657 2657 765 2690 sese
820 2642 1037 2704 perdere,
1087 2640 1468 2705 dimittebatque
1519 2649 1568 2690 et
1613 2641 1679 2690 ad
1725 2656 1876 2703 quam

205 2735 459 2785 quemque
503 2729 660 2771 artem
706 2721 913 2785 putabat
959 2737 1067 2770 esse
1113 2730 1298 2785 aptum,
1348 2722 1413 2773 ad
1466 2737 1581 2771 eamr
1623 2720 1876 2785 impellere

266 2859 343 2899 1-5
370 2847 425 2888 M
430 2848 565 2893 =HE
725 2851 755 2890 6
781 2862 886 2902 seqq.
911 2847 965 2888 M
970 2844 1064 2887 =H
1217 2863 1243 2899 4
1272 2855 1318 2889 ut
1346 2862 1429 2889 om.
1460 2848 1513 2888 M
1670 2862 1695 2900 5
1725 2862 1874 2891 causas

201 2905 299 2967 Post
318 2903 395 2944 hoc
409 2903 575 2945 verbum
595 2903 724 2955 deficit
740 2904 782 2944 E
989 2917 1040 2944 10
1068 2909 1261 2955 tempore
1282 2903 1379 2945 add.
1406 2903 1504 2944 Cod.
1535 2902 1685 2945 Gud.2:
1727 2917 1783 2943 ne
1801 2905 1875 2944 illo

208 2970 302 3010 ipso
320 2957 375 2998 H
388 2971 433 2999 m
452 2973 462 2999 ε
491 2959 536 2999 in
554 2958 608 2998 H
627 2971 802 2998 rasum:
832 2971 886 2998 ne
906 2964 994 3000 tum
1014 2958 1052 2998 L
1208 2971 1261 2998 22
1290 2958 1362 3010 qui
1385 2987 1394 2997 .
1418 2987 1428 2997 .
1452 2987 1461 2997 .
1484 2959 1772 3009 reprehensus
1797 2957 1874 2998 M:

207 3011 328 3054 cuius
348 3038 359 3054 .
381 3037 391 3054 .
415 3039 424 3052 .
446 3012 754 3064 reprehensum
773 3013 810 3053 L

1902 177 1969 228 27
1990 186 2066 218 122

1904 478 1981 518 1²3

1905 1038 1976 1080 124

1907 1601 1981 1644 125

1900 2116 1966 2164 28

1904 2203 1983 2244 126
