2150 3444
180 173 214 223 5
242 178 290 223 η
774 160 846 208 M.
882 157 1094 207 TVLLI
1130 157 1542 208 CICERONIS*

258 288 290 337 5
381 297 454 348 Ut
499 295 645 360 igitur
695 305 810 346 ante
861 295 1117 346 meridiem
1162 294 1491 344 discesserunt
1540 295 1842 359 paulumque
1892 311 1962 344 re·

241 361 288 405 ¹7
310 377 556 441 quierunt,
580 378 631 426 in
655 377 823 441 primis
848 379 944 426 hoc
971 394 1002 426 a
1035 393 1088 426 se
1116 377 1264 426 Cotta
1285 375 1680 425 animadversum
1702 392 1810 426 esse
1832 374 1962 425 dice—

309 457 410 517 bat,
437 475 586 507 omne
620 458 745 507 illud
779 467 975 520 tempus
1011 456 1337 506 meridianum
1369 457 1602 506 Crassum
1636 455 1690 504 in
1725 456 1960 506 acerrima

307 545 457 600 atque
479 538 805 588 attentissima
831 537 1129 600 cogitatione
1158 535 1381 600 posuisse
1415 552 1635 599 seseque,
1660 535 1747 599 qui
1769 538 1958 586 vultum

308 617 428 678 eius,
455 635 570 666 cum
593 618 639 667 ei
663 618 932 668 dicendum
956 626 1102 679 esset,
1124 618 1454 680 obtutumque
1476 617 1733 665 oculorum
1755 616 1808 665 in
1832 616 1960 680 cogi·
1980 629 2004 670 5

307 701 462 748 tando
485 701 641 762 probe
671 707 841 749 nosset
870 708 1020 762 atque
1049 699 1103 748 in
1134 698 1356 748 maximis
1388 698 1547 747 causis
1571 713 1719 762 saepe
1741 698 1958 762 vidisset,

305 787 413 828 tum
432 780 600 829 dedita
618 796 767 843 opera
785 779 1152 843 quiescentibus
1170 771 1275 828 aliis
1300 778 1351 827 in
1374 794 1484 828 eam
1503 780 1731 828 exedram
1749 779 1958 842 venisse,

304 859 357 907 in
381 877 479 923 qua
504 862 708 910 Crassus
741 860 905 924 posito
932 861 1115 909 lectulo
1145 859 1461 919 recubuisset,
1487 875 1702 922 cumque
1729 877 1844 909 eum
1875 862 1958 910 de-

304 940 456 988 fixum
481 939 532 988 in
557 940 856 1003 cogitatione
879 957 987 989 esse
1010 939 1253 1000 sensisset,
1276 940 1439 988 statim
1462 939 1720 989 recessisse
1737 949 1886 1004 atque
1904 940 1956 989 in

303 1036 365 1068 eo
397 1020 592 1069 silentio
624 1022 747 1069 duas
775 1021 921 1069 horas
949 1021 1051 1069 fere
1081 1037 1189 1069 esse
1215 1028 1546 1084 consumptas.
1618 1020 1818 1070 Deinde
1840 1037 1956 1071 cum
1981 1036 2030 1066 10

303 1116 477 1149 omnes
512 1099 749 1149 inclinato
783 1098 883 1149 iam
920 1099 972 1148 in
1009 1100 1427 1163 posmeridianum
1461 1109 1657 1164 tempus
1691 1101 1775 1150 die
1801 1102 1957 1151 venis-

302 1189 412 1229 sent
445 1181 510 1230 ad
548 1181 798 1241 Crassum,
823 1183 837 1207 ‘
856 1180 978 1244 quid
1007 1189 1094 1240 est,
1122 1181 1327 1240 Crasse,’
1350 1179 1510 1243 inquit
1543 1180 1698 1229 Iulius
1729 1183 1744 1207 ‘
1762 1180 1956 1232 imusne

302 1264 531 1310 sessum?
614 1259 722 1310 Etsi
767 1261 1080 1311 admonitum
1125 1261 1348 1310 venimus
1394 1270 1461 1322 te,
1506 1278 1609 1311 non
1653 1261 1954 1326 flagitatum?

230 1351 277 1390 18
301 1345 433 1390 Tum
460 1343 664 1392 Crassus
695 1344 788 1391 ‘an
823 1359 905 1391 me
936 1351 1038 1391 tam
1071 1341 1413 1406 impudentem
1437 1358 1545 1391 esse
1568 1341 1868 1405 existimatis,
1898 1352 1954 1393 ut

299 1423 439 1472 vobis
481 1424 578 1472 hoc
618 1423 903 1486 praesertim
944 1439 1124 1472 munus
1162 1432 1331 1486 putem
1369 1438 1441 1470 me
1473 1422 1657 1472 diutius
1691 1439 1838 1487 posse
1872 1425 1954 1473 de·
1978 1437 2027 1479 15

299 1504 477 1553 bere?'
546 1507 561 1530 ‘
583 1504 801 1566 Quinam
833 1503 1003 1568 igitur'
1033 1503 1195 1567 inquit
1225 1505 1239 1528 ‘
1255 1503 1336 1552 ille
1366 1505 1542 1553 locus?
1608 1506 1691 1553 An
1714 1504 1766 1553 in
1789 1504 1952 1554 media

298 1585 418 1634 silva
452 1586 650 1648 placet?
720 1587 811 1633 Est
846 1584 979 1634 enim
1013 1583 1055 1633 is
1090 1583 1303 1633 maxime
1337 1592 1386 1633 et
1421 1601 1605 1647 opacus
1641 1593 1690 1634 et
1721 1585 1952 1649 frigidus.'

301 1668 487 1726 ‘Sane‚'
530 1665 689 1729 inquit
727 1667 931 1716 Crassus
972 1664 1186 1714 ‘etenim
1219 1673 1293 1713 est
1327 1664 1379 1712 in
1414 1681 1476 1713 eo
1513 1666 1625 1714 loco
1662 1667 1804 1714 sedes
1836 1665 1952 1715 huic

297 1755 465 1795 nostro
512 1763 616 1795 non
673 1745 955 1809 importuna
991 1744 1247 1794 sermoni!
1331 1746 1461 1795 Cum
1507 1744 1771 1808 placuisset
1814 1745 1950 1796 idem

297 1825 481 1885 ceteris,
525 1825 577 1874 in
618 1825 790 1874 silvam
825 1824 1018 1873 venitur
1053 1834 1103 1874 et
1138 1824 1207 1874 ibi
1244 1842 1422 1889 magna
1455 1841 1570 1874 cum
1603 1825 1840 1875 audiendi
1873 1842 1951 1875 ex·
1972 1841 2024 1870 20

297 1904 602 1968 spectatione
626 1904 909 1954 considitur.

199 1973 201 1975 ¹
225 2004 273 2046 19
362 1987 494 2034 Tum
521 1987 725 2035 Crassus
758 1988 772 2012 ‘
791 2002 906 2034 cum
937 1985 1200 2035 auctoritas
1232 1995 1381 2048 atque
1411 1985 1626 2035 amicitia
1648 1995 1807 2036 vestra
1840 1996 1948 2037 tum

294 2066 483 2115 Antoni
515 2066 719 2115 facilitas
752 2066 954 2130 eripuit'
986 2067 1147 2129 inquit
1179 2066 1330 2115 ‘mihi
1364 2066 1416 2115 in
1448 2066 1635 2130 optima
1666 2084 1776 2117 mea
1799 2083 1947 2118 causa

292 2146 567 2196 libertatem
591 2148 884 2198 recusandi:
920 2164 1221 2211 quamquam
1252 2147 1303 2196 in
1335 2147 1591 2212 partienda
1613 2148 1946 2212 disputatione

291 2236 472 2288 nostra,
513 2244 627 2276 cum
669 2227 759 2276 sibi
804 2228 868 2277 de
908 2227 995 2288 eis,
1036 2245 1163 2291 quae
1203 2227 1302 2277 dici
1342 2228 1405 2276 ab
1447 2237 1637 2278 oratore
1682 2236 1941 2293 oporteret,
1969 2247 2017 2289 ²5

291 2316 516 2367 sumeret,
557 2307 678 2355 mihi
716 2316 881 2357 autern
919 2307 1230 2371 relinqueret,
1264 2316 1319 2357 ut
1355 2308 1664 2372 explicarem,
1696 2326 1844 2374 quem
1878 2314 1944 2362 ad

289 2390 496 2437 modum
526 2388 608 2437 illa
639 2389 800 2439 ornari
829 2398 1086 2452 oporteret,
1115 2406 1174 2439 ea
1207 2389 1388 2451 divisit,
1410 2406 1546 2453 ⁴quae
1580 2390 1802 2441 seiuncta
1836 2409 1944 2443 esse

289 2485 391 2516 non
426 2478 645 2532 possunt.
721 2472 853 2519 Nam
885 2487 999 2519 cum
1032 2470 1193 2520 omnis
1225 2487 1285 2519 ex
1315 2487 1366 2520 re
1393 2480 1543 2534 atque
1566 2471 1726 2521 verbis
1750 2482 1943 2524 constet

290 2549 462 2609 oratio,
502 2566 666 2613 neque
707 2551 856 2600 verba
897 2552 1067 2600 sedem
1113 2552 1295 2600 habere
1341 2561 1565 2615 possunt,
1605 2552 1647 2601 si
1687 2569 1790 2602 rem
1831 2555 1942 2604 sub·

217 2643 267 2673 20
288 2629 502 2691 traxeris,
542 2647 706 2694 neque
742 2648 818 2680 res
855 2632 1036 2691 lumen,
1077 2632 1117 2680 si
1158 2633 1305 2681 verba
1345 2633 1621 2683 semoveris
1705 2637 1782 2684 Ac
1818 2635 1939 2685 mihi
1961 2651 2015 2690 30

288 2709 490 2771 quidem
531 2719 718 2760 veteres
758 2710 827 2759 illi
869 2711 1025 2760 maius
1066 2711 1304 2775 quiddam
1340 2713 1507 2762 animo
1548 2715 1790 2778 complexi
1829 2718 1939 2780 plus

340 2837 394 2876 M
411 2857 446 2870 =
468 2837 604 2876 ΑΕΗ
778 2851 796 2878 1
831 2838 892 2878 Ut
919 2851 1000 2879 om.
1029 2838 1081 2878 M
1205 2841 1458 2891 paulumque
1491 2843 1739 2892 requierunt
1772 2858 1854 2885 om.
1889 2844 1944 2884 M

290 2903 308 2930 1
318 2903 335 2929 1
358 2891 560 2931 inclinato
573 2893 656 2931 iam
673 2892 716 2930 in
728 2893 793 2932 hic
801 2892 990 2943 dqfia'tH
1114 2905 1162 2943 13
1182 2900 1227 2934 et
1240 2907 1296 2934 ne
1306 2894 1395 2933 ΑΕ
1401 2897 1456 2945 36
1566 2909 1614 2946 13
1632 2898 1933 2951 admo(nitum)

284 2944 350 2983 hic
365 2944 552 2994 deficiunt
571 2945 624 2983 M
759 2957 807 2995 15
837 2959 905 2986 me
924 2946 1081 2985 addidit
1098 2947 1334 2987 Lambinus
1441 2950 1586 2989 deberi
1604 2949 1750 2990 Pearce
1884 2954 1935 2992 16

284 2999 457 3048 quinam
478 2998 721 3039 Manutius:
750 3001 950 3049 quidnam
970 2999 1079 3040 codd.
1247 3013 1299 3051 25
1329 3003 1381 3042 de
1401 2998 1469 3041 his
1487 3002 1596 3044 codd.
