2150 3444
795 147 890 196 DE
927 145 1267 195 ORATORE
1340 145 1424 193 III

278 287 553 339 adhibendi
576 295 803 337 auctores
827 296 876 336 et
900 286 1146 352 principes
1175 293 1582 334 sumus—nostra
1610 294 1697 346 est,
1726 286 1942 350 inquam,

278 369 441 420 omnis
487 370 581 420 ista
626 368 918 433 prudentiae
969 366 1325 431 doctrinaeque
1379 366 1639 431 possessio,
1698 367 1748 415 in
1797 385 1945 431 quam

276 450 507 513 >homines
548 451 689 515 quasi
730 452 970 501 caducam
1017 458 1167 513 atque
1214 464 1420 497 vacuam
1466 448 1779 497 abundantes
1826 449 1943 510 oti0,

278 532 425 582 nobis
471 532 740 597 occupatis,
784 533 1125 581 involaverunt
1170 538 1320 593 atque
1361 528 1510 579 etiam
1552 538 1636 578 aut
1678 529 1945 579 inridentes

233 628 257 670 5
279 623 537 675 oratorem,
564 623 620 663 ut
651 613 733 663 ille
760 612 812 662 in
846 611 1028 676 Gorgia
1060 613 1298 672 Socrates,
1325 610 1615 660 cavillantur
1642 620 1726 659 aut
1759 611 1944 674 aliquid

278 698 343 746 de
368 695 572 746 oratoris
594 705 698 744 arte
721 694 891 759 paucis
916 693 1225 759 praecipiunt
1250 692 1428 742 libellis
1459 709 1644 756 eosque
1676 693 1945 742 rhetoricos

276 777 574 837 inscribunt,
604 776 747 840 quasi
784 793 887 824 non
925 775 1006 824 illa
1049 774 1146 824 sint
1183 774 1379 839 propria
1414 776 1679 834 rhetorum,
1719 791 1846 837 quae
1881 775 1945 822 ab

275 857 464 907 eisdem
506 859 571 907 de
617 858 813 918 iustitia,
858 858 923 907 de
970 856 1147 916 officio,
1192 858 1257 905 de
1303 856 1583 905 civitatibus
1618 855 1945 905 ,instituendis

275 948 326 988 et
365 938 606 1004 regendis,
647 940 712 988 de
753 938 892 988 omni
938 938 1137 988 vivendi
1172 937 1390 1002 denique
1437 937 1585 987 etiam
1632 939 1697 987 de
1743 946 1945 985 naturae

199 1037 253 1068 ιο
274 1019 465 1070 ratione
504 1020 750 1070 dicuntur.
842 1022 986 1083 Quae
1026 1019 1263 1084 quoniam
1305 1019 1404 1068 iam
1451 1019 1651 1069 aliunde
1693 1036 1795 1067 non
1838 1036 1947 1082 pos-

275 1119 460 1164 sumus,
492 1103 737 1152 sumenda
768 1111 884 1151 sunt
916 1101 1063 1151 nobis
1096 1103 1162 1151 ab
1198 1101 1268 1150 eis
1305 1100 1436 1164 ipsis,
1464 1117 1494 1149 a
1530 1100 1711 1164 quibus
1748 1099 1946 1164 expilati

274 1200 477 1245 sumus;
530 1185 653 1234 dum
694 1185 850 1233 modo
891 1183 974 1232 illa
1013 1185 1079 1232 ad
1121 1185 1250 1232 hanc
1291 1182 1487 1232 civilem
1529 1182 1800 1243 scientiam,
1845 1199 1947 1245 quo

272 1265 522 1330 pertinent
556 1274 606 1315 et
640 1282 792 1329 quam
828 1265 1095 1326 intuentur,
1131 1267 1492 1325 transferamus,
1528 1281 1704 1329 neque,
1741 1273 1795 1313 ut
1829 1273 1946 1313 ante

273 1345 387 1407 dixi,
423 1363 626 1397 omnem
659 1355 875 1396 teramus
910 1346 962 1395 in
999 1346 1075 1395 his
1110 1346 1362 1396 discendis
1398 1346 1544 1395 rebus
1575 1355 1789 1396 aetatem
1807 1364 1821 1407 3
1857 1346 1945 1395 sed

200 1441 250 1484 15
272 1444 389 1477 curn
411 1427 564 1478 fontis
587 1427 868 1488 viderimus,
895 1444 1024 1492 quos
1048 1426 1142 1476 nisi
1171 1428 1258 1492 qui
1287 1427 1508 1478 celeriter
1540 1427 1776 1492 cognorit,
1806 1444 1947 1476 num-

272 1525 424 1573 quam
465 1518 734 1574 cognoscet
768 1509 989 1569 omnino,
1027 1518 1147 1570 turn,
1186 1509 1635 1574 quotienscumque
1670 1526 1796 1573 opus
1838 1507 1942 1569 erit,

273 1607 334 1640 ex
367 1589 439 1640 eis
470 1599 678 1652 tantum,
713 1600 957 1656 quantum
988 1609 1066 1640 res
1098 1600 1246 1656 petet,
1279 1591 1562 1642 hauriemus
1580 1610 1594 1653 3
1629 1608 1746 1640 nam
1779 1607 1944 1655 neque

271 1679 375 1722 tam
404 1681 478 1722 est
510 1672 634 1722 acris
669 1672 801 1722 acies
837 1672 889 1721 in
924 1671 1110 1722 naturis
1145 1671 1407 1722 hominum
1444 1682 1493 1722 et
1528 1672 1749 1736 ingeniiS,
1779 1681 1832 1722 ut
1868 1689 1944 1722 res

271 1749 434 1803 tantas
464 1754 728 1819 quisquam
761 1753 856 1803 nisi
888 1763 1184 1803 monstratas
1216 1753 1372 1818 possit
1404 1753 1584 1814 videre,
1613 1771 1776 1818 neque
1809 1763 1945 1803 tanta

197 1853 249 1882 πο
270 1843 439 1885 tamen
484 1835 538 1884 in
583 1835 731 1885 rebus
778 1835 1068 1895 obscuritas,
1113 1844 1167 1884 ut
1213 1851 1297 1884 eas
1338 1851 1441 1884 non
1488 1834 1687 1899 penitus
1733 1835 1833 1884 acri
1874 1835 1945 1884 vir

269 1915 470 1985 ingenio
495 1925 676 1978 cernat,
704 1915 745 1965 si
771 1917 924 1966 modo
948 1915 1202 1980 aspexerit.
1279 1918 1340 1965 In
1365 1918 1463 1966 hoc
1495 1915 1641 1980 igitur
1672 1925 1811 1965 tanto
1841 1926 1942 1965 tam

269 1997 616 2065 immensoque
648 2015 828 2063 campo
864 2016 979 2048 cum
1015 1998 1160 2048 liceat
1196 1998 1376 2049 oratori
1411 1998 1574 2063 vagari
1609 1998 1761 2048 libere
1792 2008 1943 2063 atque

269 2080 575 2148 ubicumque
616 2081 903 2142 constiterit,
942 2081 1212 2131 consistere
1247 2081 1299 2129 in
1335 2098 1440 2142 suo,
1479 2081 1621 2131 facile
1657 2081 1942 2146 suppeditat

268 2162 431 2212 omnis
476 2172 740 2228 apparatus
786 2171 1089 2227 ornatusque
1129 2162 1330 2212 dicendi
1347 2181 1360 2224 3
1418 2179 1580 2212 rerum
1622 2162 1755 2211 enim
1797 2163 1941 2227 copia

195 2257 245 2299 25
269 2244 532 2293 verborum
561 2243 758 2308 copiam
786 2243 941 2308 gignit
958 2263 971 2305 3
1008 2254 1070 2305 et,
1104 2243 1143 2293 si
1173 2253 1246 2293 est
1279 2246 1513 2293 honestas
1546 2243 1597 2292 in
1630 2245 1776 2293 rebus
1806 2244 1939 2308 ipsis,

268 2326 334 2375 de
358 2324 540 2389 quibus
565 2325 756 2386 dicitur,
789 2325 976 2375 exsistit
1012 2343 1072 2375 ex
1106 2343 1158 2375 re
1190 2325 1422 2374 naturalis
1465 2325 1669 2389 quidam
1708 2327 1944 2389 splendor

268 2405 319 2455 in
366 2406 542 2456 verbis.
616 2407 689 2456 Sit
730 2408 885 2457 modo
926 2407 979 2467 is,
1026 2407 1112 2471 qui
1154 2406 1286 2457 dicet
1326 2416 1412 2456 aut
1454 2406 1646 2467 scribet,
1691 2406 1943 2456 institutus

268 2488 533 2538 liberaliter
567 2488 865 2539 educatione
901 2488 1227 2552 doctrinaque
1262 2487 1437 2552 puerili
1479 2498 1527 2538 et
1565 2490 1734 2552 flagret
1777 2489 1943 2539 studio

269 2579 320 2619 et
352 2586 383 2618 a
417 2578 591 2619 natura
624 2569 884 2620 adiuvetur
918 2579 967 2619 et
1003 2570 1054 2618 in
1090 2570 1429 2619 universorum
1466 2587 1703 2634 generum
1738 2569 1942 2619 infinitis

193 2668 248 2711 30
269 2639 714 2716 disceptationibus
772 2651 1063 2701 exercitatus
1122 2651 1460 2702 ornatissimos
1521 2651 1780 2716 scriptores
1839 2669 1942 2702 ora-

268 2743 500 2798 toresque
552 2734 619 2784 ad
669 2735 1072 2798 cognoscendum
1126 2733 1523 2797 imitandumque
1577 2733 1824 2798 delegerit,
1875 2751 1939 2783 ne

322 2864 376 2903 M
392 2883 428 2898 =
449 2863 589 2904 AEH
753 2876 770 2902 1
803 2865 1020 2904 adimendi
1041 2863 1094 2903 M
1211 2877 1236 2914 3
1266 2878 1350 2915 qua
1365 2894 1374 2905 .
1393 2895 1404 2906 .
1423 2895 1433 2905 .
1454 2865 1615 2905 caduca
1636 2895 1645 2905 .
1670 2895 1680 2905 .
1704 2894 1714 2904 .
1738 2878 1870 2905 vacua
1889 2864 1943 2904 M

265 2933 295 2970 9
325 2920 512 2970 denique
531 2951 540 2960 .
566 2950 575 2959 .
600 2950 610 2959 .
631 2925 809 2959 naturae
829 2920 916 2960 secl.
936 2919 1052 2959 Bake
1194 2933 1237 2960 11
1272 2920 1447 2970 expilati
1470 2919 1523 2957 M
1539 2920 1648 2972 vulg.
1670 2935 1679 2959 ε
1711 2920 1936 2972 exspoliati

267 2988 314 3014 m
483 2987 532 3014 12
560 2987 671 3024 quae
693 2976 910 3024 pertinent
931 2973 984 3012 M
1173 2988 1226 3025 23
1256 2974 1491 3015 consistere
1521 2987 1606 3014 om.
1631 2973 1685 3011 M
1884 2987 1936 3024 25

266 3029 489 3069 verborum
511 3029 675 3079 copiam
697 3043 781 3069 om.
804 3027 857 3066 M
1004 3042 1053 3079 31
1086 3030 1139 3069 ad
1161 3042 1282 3079 cogn.
1305 3029 1416 3081 vulg.
1439 3044 1448 3069 ε
1477 3030 1530 3068 ad
1551 3043 1635 3068 om.
1657 3027 1711 3067 M

1971 156 2126 205 31122

1974 1037 2050 1076 123

1971 1607 2049 1649 124

1969 2181 2046 2223 125
