2150 3444
115 179 183 228 45
205 185 279 230 177
757 168 829 216 M.
868 167 1080 215 TVLLI
1118 165 1503 216 CICERONIS

300 302 629 353 conficiuntur
644 323 658 365 3
727 320 787 353 ex
850 305 942 352 hac
1001 304 1124 351 haec
1179 301 1327 351 etiam
1388 304 1548 351 soluta
1594 302 1736 352 variis
1773 310 1780 314 ”
1793 302 1957 356 modis

302 386 668 448 multorumque
713 401 948 448 generum
996 383 1151 433 oratio
1168 401 1183 444 3
1231 399 1334 432 non
1379 382 1512 432 enim
1562 392 1676 433 sunt
1725 383 1821 433 alia
1861 401 1958 434 ser-

301 465 475 526 moniS,
518 465 613 515 alia
659 465 990 516 contentionis
1028 466 1188 526 verba,
1233 481 1396 528 neque
1437 482 1497 514 ex
1535 463 1633 514 alio
1669 481 1847 529 genere
1890 467 1958 516 ad

299 562 443 595 usum
479 545 797 606 cotidianum,
825 546 921 596 alio
953 546 1018 595 ad
1046 562 1276 596 scaenam
1308 562 1644 610 pompamque
1667 555 1957 608 sumuntur3

298 627 387 676 sed
411 643 470 677 ea
493 644 585 677 nos
609 644 723 678 cum
756 627 966 677 iacentia
994 626 1280 677 sustulimus
1316 643 1344 676 e
1377 625 1557 687 medio,
1585 625 1712 679 sicut
1735 626 1957 679 mollissi-
1979 642 2003 684 5

297 723 430 756 mam
462 724 625 758 ceram
662 710 727 759 ad
768 717 990 759 nostrum
1028 707 1283 758 arbitrium
1320 708 1589 757 formamus
1625 715 1674 756 et
1709 706 1952 772 fingimus.

298 789 475 852 Itaque
491 796 548 838 ut
563 798 668 838 tum
686 805 855 853 graves
875 805 1058 848 sumus,
1081 797 1187 838 tum
1207 787 1426 849 subtiles,
1445 796 1551 837 tum
1570 786 1791 838 medium
1815 787 1957 852 quid·

295 870 412 918 dam
449 879 704 919 tenemus:
740 869 811 920 sic
845 869 1119 919 institutam
1154 878 1373 919 nostram
1406 868 1701 919 sententiam
1734 867 1956 933 sequitur

295 949 529 999 orationis
575 966 730 1014 genus
777 949 929 1013 idque
969 951 1035 1001 ad
1072 966 1274 1000 omnem
1320 949 1512 999 aurium
1558 951 1862 1014 voluptatem
1903 957 1954 999 et

197 1041 272 1093 178
295 1029 573 1079 animorum
607 1038 797 1079 motum
831 1038 1047 1078 mutatur
1073 1038 1122 1078 et
1146 1029 1358 1079 vertitur.
1431 1030 1531 1079 Sed
1554 1037 1609 1078 ut
1632 1028 1684 1078 in
1706 1029 1953 1094 plerisque
1978 1049 2030 1079 10

294 1111 440 1160 rebus
482 1109 833 1161 incredibiliter
879 1111 976 1159 hoc
1022 1118 1195 1158 natura
1241 1118 1315 1159 est
1355 1109 1462 1173 ipsa
1506 1108 1753 1170 fabricata,
1797 1109 1868 1160 sic
1900 1109 1954 1160 in

294 1190 528 1250 oratione,
557 1200 612 1240 ut
635 1208 706 1251 ea,
734 1207 862 1255 quae
887 1190 1150 1239 maximam
1182 1189 1443 1239 utilitatem
1474 1189 1526 1238 in
1550 1206 1604 1239 se
1627 1189 1951 1252 continerent,

294 1270 561 1335 plurimum
603 1273 779 1321 eadem
821 1271 1060 1320 haberent
1097 1272 1175 1320 vel
1211 1269 1462 1334 dignitatis
1502 1272 1598 1323 vel.
1620 1287 1769 1335 saepe
1803 1270 1953 1321 etiam

291 1351 573 1402 venustatis.
648 1350 1011 1402 Incolumitatis
1034 1368 1094 1400 ac
1117 1350 1286 1400 salutis
1310 1349 1535 1400 omnium
1559 1363 1708 1400 causa
1723 1350 1952 1401 videmus
1999 1344 2005 1349 ⁸

290 1434 424 1483 hunc
448 1442 630 1482 statum
654 1449 762 1484 esse
794 1431 940 1481 huius
969 1431 1119 1482 totius
1154 1431 1330 1481 mundi
1363 1440 1513 1496 atque
1543 1440 1760 1491 naturae,
1786 1440 1951 1489 rotun·
1974 1453 2025 1494 ¹⁵

290 1515 412 1563 dum
437 1522 492 1562 ut
515 1515 706 1563 caelum
724 1522 947 1577 terraque
979 1522 1033 1562 ut
1068 1512 1233 1562 media
1256 1512 1319 1561 sit
1349 1529 1507 1576 eaque
1535 1528 1625 1562 sua
1654 1511 1703 1561 vi
1725 1521 1950 1577 nutuque

290 1603 525 1656 teneatur,
554 1597 628 1646 sol
652 1604 706 1644 ut
737 1612 847 1645 eam
879 1595 1065 1645 circum
1100 1596 1292 1654 feratur,
1323 1602 1379 1643 ut
1411 1595 1617 1644 accedat
1639 1595 1704 1644 ad
1728 1593 1951 1644 brumale

291 1676 485 1740 signum
526 1685 576 1726 et
611 1675 728 1727 inde
769 1676 953 1726 sensim
994 1677 1229 1726 ascendat
1264 1675 1316 1724 in
1351 1674 1595 1725 diversam
1629 1684 1818 1740 partem
1835 1691 1851 1736 3
1894 1683 1950 1724 ut

289 1759 408 1807 luna
429 1775 632 1808 accessu
651 1766 700 1808 et
714 1775 908 1807 recessu
936 1755 1067 1824 [suo]
1094 1756 1210 1807 solis
1234 1758 1404 1806 lumen
1426 1755 1666 1820 accipiat3
1700 1765 1755 1806 ut
1773 1758 1949 1807 eadem

290 1838 447 1902 spatia
492 1838 711 1902 quinque
752 1840 921 1888 stellae
967 1837 1149 1902 dispari
1196 1846 1335 1887 motu
1381 1853 1627 1900 cursuque
1666 1836 1946 1887 conficiant.
1973 1855 2024 1885 20

189 1932 266 1976 179
291 1920 435 1969 Haec
471 1928 657 1969 tantam
693 1920 880 1969 habent
906 1919 1020 1979 vim,
1060 1920 1262 1982 paulum
1297 1927 1352 1967 ut
1391 1917 1652 1966 immutata
1686 1918 1949 1968 cohaerere

287 2016 390 2049 non
436 1999 640 2063 possint,
690 2009 877 2049 tantam
924 1999 1356 2064 pulchritudinem,
1392 2006 1447 2047 ut
1483 1999 1620 2047 nulla
1659 1997 1848 2063 species
1883 2015 1948 2049 ne

287 2079 488 2143 cogitari
512 2079 715 2144 quidem
751 2080 906 2145 possit
941 2079 1169 2130 ornatior.
1243 2080 1444 2129 Referte
1467 2095 1601 2128 nunc
1624 2078 1846 2128 animum
1879 2080 1947 2130 ad

287 2160 547 2210 hominum
599 2163 677 2210 vel
731 2161 880 2210 etiam
941 2170 1211 2210 ceterarum
1259 2160 1586 2210 animantium
1640 2161 1849 2209 formam
1895 2168 1946 2210 et

286 2243 504 2305 figuram.
585 2243 786 2292 Nullam
822 2251 1011 2306 partem
1050 2241 1268 2306 corporis
1306 2241 1412 2291 sine
1451 2241 1618 2305 aliqua
1652 2239 1944 2291 necessitate
1968 2261 2019 2302 ²5

285 2323 515 2372 adfictam
549 2331 803 2386 totamque
840 2324 1048 2372 formam
1075 2322 1214 2386 quasi
1242 2323 1508 2386 perfectam
1543 2320 1792 2386 reperietis
1825 2330 1941 2382 ane,

190 2409 264 2468 46
286 2419 387 2451 non
411 2419 540 2451 casu.
615 2401 752 2465 Quid
787 2402 839 2451 in
875 2403 945 2452 eis
977 2402 1272 2453 arboribus?
1305 2402 1358 2451 in
1381 2402 1562 2466 quibus
1586 2419 1690 2452 non
1725 2410 1941 2462 truncus,

284 2498 386 2530 non
425 2482 559 2544 rami,
587 2500 689 2534 non
714 2483 831 2534 folia
854 2492 968 2533 sunt
992 2483 1209 2548 denique
1232 2482 1327 2532 nisi
1358 2484 1423 2532 ad
1459 2499 1612 2539 suam,
1634 2481 1943 2532 retinendam

337 2610 389 2649 M
407 2631 441 2644 ·=
461 2611 599 2651 ΑΕΗ
765 2626 784 2652 1
815 2613 921 2653 haec
942 2626 1025 2654 om.
1051 2611 1105 2651 M
1226 2625 1252 2662 3
1281 2625 1440 2663 genere
1459 2611 1524 2651 H¹
1543 2627 1552 2652 ε
1580 2625 1740 2663 genera
1759 2612 1811 2651 M
1915 2615 1944 2653 6

285 2677 423 2704 ceram
443 2678 525 2706 om.
551 2665 606 2705 M
755 2667 931 2707 formam
950 2666 1003 2705 H
1163 2671 1206 2705 et
1224 2679 1307 2706 om.
1327 2665 1381 2704 M
1554 2679 1576 2716 7
1607 2672 1653 2706 ut
1673 2666 1771 2706 add.
1786 2665 1943 2707 Schu‘tz

283 2719 557 2768 gravissimus
576 2719 630 2759 M
807 2721 976 2772 suptilis
997 2720 1049 2760 M
1165 2733 1194 2771 9
1221 2721 1273 2760 ad
1293 2732 1462 2759 omnem
1482 2720 1692 2760 rationem
1713 2726 1755 2760 et
1774 2721 1940 2761 aurium

283 2771 321 2811 L
342 2774 454 2826 vulg.
624 2788 674 2815 10
702 2780 847 2816 utatur
877 2789 932 2815 ex
959 2774 1013 2813 M
1211 2787 1258 2823 17
1288 2773 1353 2814 sol
1381 2774 1435 2814 ad
1464 2787 1556 2814 eam
1585 2774 1740 2814 circum
1759 2774 1837 2815 M:
1873 2775 1938 2815 sol

284 2832 330 2865 ut
358 2828 512 2868 circum
541 2828 578 2867 L
609 2829 718 2881 vulg.
965 2843 1015 2878 19
1043 2828 1143 2867 luna
1170 2827 1260 2867 ΑΕ
1411 2840 1489 2867 suo
1517 2841 1599 2869 om.
1631 2826 1686 2866 M
1837 2842 1936 2869 con·

282 2881 433 2930 spiciat
463 2882 518 2920 M
681 2884 735 2922 26
763 2885 943 2924 affictam
972 2882 1010 2922 L
1039 2883 1149 2935 vulg.
1172 2896 1182 2922 :
1223 2881 1444 2923 adfectum·
1465 2880 1518 2920 M
1685 2894 1737 2932 27
1767 2882 1831 2922 eis
1859 2881 1938 2922 M:

283 2935 350 2975 his
369 2934 407 2973 L
427 2950 436 2975 ε
463 2949 547 2977 om.
570 2937 681 2990 vulg.
