2112 3444
755 145 852 193 DE
887 143 1227 193 ORATORE
1292 144 1315 192 1
1895 146 1928 194 8
1955 160 2009 208 μ

199 295 304 345 „tam
335 290 514 350 potens
545 293 749 347 tamque
781 282 1113 347 magnificum,
1149 298 1299 346 quam
1332 283 1504 346 populi
1537 293 1716 343 motuS‚
1747 284 1870 334 iudi-

199 381 319 416 cum
341 363 617 428 religiones,
645 373 844 414 senatus
868 363 1155 428 gravitatem
1180 362 1326 412 unius
1356 363 1578 413 oratione
1610 364 1869 413 converti?

198 444 342 511 Quid
364 455 467 496 tam
490 463 638 511 porro
662 446 993 510 regium,·tam
1017 445 1231 505 liberale,
1260 454 1360 494 tam
1386 444 1691 506 munificum,
1719 462 1869 509 quam
1895 460 1944 500 32

200 544 350 593 opem
396 529 520 577 ferre
566 527 887 592 supplicibus,
937 527 1148 576 excitare
1193 526 1435 586 adflictos,
1479 527 1597 576 dare
1644 528 1867 587 salutem,

155 623 179 666 5
202 607 406 660 liberare
424 607 668 672 periculis,
689 607 898 657 retinere
922 607 1150 657 homines
1176 607 1226 656 in
1252 607 1483 657 civitate?
1542 606 1680 669 Quid
1707 617 1870 657 autem

201 697 303 739 tam
349 687 696 749 necessarium,
737 705 889 752 quam
936 698 1104 738 tenere
1150 705 1344 751 semper
1383 705 1531 748 arma,
1572 687 1753 751 quibus
1793 689 1871 738 vel

198 776 360 819 tectus
398 768 505 833 ipse
542 786 650 819 esse
687 768 848 833 possis
880 769 958 818 vel
995 785 1263 833 provocare
1300 767 1488 832 integer
1515 770 1593 817 vel
1628 777 1677 818 te
1700 768 1871 818 ulcisci

201 848 493 899 lacessitus?
561 852 670 913 Age
706 866 838 909 vero,
876 865 942 898 ne
982 850 1178 913 Semper
1217 848 1394 909 forum,
1433 848 1679 909 subsellia,
1718 858 1873 899 rostra

201 930 489 996 curiamque
511 931 765 992 meditere,
791 930 915 995 quid
939 947 1047 981 esse
1071 939 1234 996 potest
1264 930 1314 980 in
1347 930 1451 980 otio
1485 940 1570 980 aut
1606 930 1871 982 iucundius

131 1026 181 1057 10
200 1019 287 1061 aut
326 1011 482 1076 magis
519 1012 773 1076 proprium
813 1011 1148 1072 humanitatiS‚
1193 1027 1344 1075 quam
1386 1028 1548 1062 sermo
1588 1013 1777 1062 facetus
1810 1028 1872 1062 ac

201 1094 338 1144 nulla
372 1092 425 1144 in
462 1110 514 1144 re
550 1093 723 1144 rudis?
794 1096 912 1144 Hoc
945 1093 1079 1144 enim
1103 1110 1206 1143 uno
1230 1101 1534 1157 praestamus
1557 1094 1636 1143 vel
1660 1092 1873 1143 maxime

201 1174 328 1237 feriS,
345 1177 485 1240 quod
503 1174 852 1240 conloquimur
875 1175 1003 1225 inter
1019 1191 1112 1225 nos
1131 1183 1181 1224 et
1204 1175 1342 1239 quod
1366 1174 1636 1239 exprimere
1655 1174 1872 1225 dicendo

201 1273 347 1308 sensa
379 1273 657 1323 possumus.
732 1259 899 1320 Quam
932 1258 1000 1308 ob
1031 1274 1135 1307 rem
1160 1256 1270 1321 quis
1295 1258 1392 1307 hoc
1416 1274 1519 1307 non
1543 1256 1647 1307 iure
1671 1257 1874 1307 miretur
1897 1270 1948 1311 33

201 1355 495 1403 summeque
530 1338 582 1388 in
618 1355 679 1390 eo
715 1339 1073 1389 elaborandum
1107 1355 1214 1389 esse
1245 1338 1516 1399 arbitretur,
1544 1347 1612 1399 ut,
1639 1355 1741 1403 quo
1769 1355 1872 1388 uno

131 1434 178 1476 ¹5
201 1419 430 1471 homines
466 1437 517 1469 m
584 1419 680 1470 ‘me
715 1420 885 1470 bestiis
918 1429 1181 1485 praestent,
1208 1419 1260 1469 in
1292 1422 1390 1471 hoc
1427 1419 1715 1471 hominibus
1752 1419 1872 1485 ipsis

201 1502 503 1552 antecellat?
572 1503 645 1553 Ut
668 1518 785 1552 vero
809 1501 909 1551 iam
932 1503 998 1552 ad
1023 1501 1106 1551 illa
1130 1517 1326 1551 summa
1348 1500 1619 1561 veniamUS,
1645 1517 1775 1565 quae
1799 1500 1872 1550 vis

201 1581 482 1648 alia.potuit
503 1590 589 1632 aut
613 1582 861 1646 dispersos
885 1582 1114 1633 homines
1133 1600 1290 1632 unum
1314 1581 1365 1631 in
1389 1584 1557 1632 locum
1576 1598 1873 1646 congregare

201 1672 287 1714 aut
309 1680 340 1714 a
362 1663 465 1714 fera
486 1663 763 1727 agrestique
787 1664 887 1714 vita
909 1666 974 1715 ad
998 1665 1133 1714 hunc
1151 1666 1426 1713 humanum
1446 1666 1635 1712 cultum
1659 1663 1874 1713 civilem-

201 1760 301 1808 que
338 1745 587 1794 deducere
627 1754 714 1794 aut
751 1744 850 1794 iam
889 1744 1170 1795 constitutis
1205 1743 1484 1794 civitatibus
1520 1746 1654 1808 leges
1689 1743 1874 1794 iudicia

136 1841 181 1873 ιο
202 1823 308 1875 iura
329 1823 648 1877 describere?
716 1828 794 1875 Ac
829 1843 894 1876 ne
928 1828 1082 1890 plura,
1109 1842 1238 1890 quae
1273 1834 1388 1875 sunt
1412 1843 1571 1890 paene
1595 1825 1873 1876 innumera-
1896 1845 1949 1886 34

202 1905 333 1967 bilia,
381 1915 652 1967 consecter,
701 1909 1122 1972 comprehendam
1170 1906 1334 1957 brevi:
1392 1907 1464 1956 sic
1510 1906 1645 1957 enim
1692 1916 1870 1968 statUO,
1888 1941 1899 1952 .

201 1986 406 2052 perfecti
441 1987 646 2038 oratoris
682 1988 1025 2039 moderatione
1062 1998 1110 2038 et
1139 1988 1380 2052 sapientia
1403 2006 1506 2038 non
1531 1990 1694 2038 solum
1719 1988 1872 2053 ipsius

202 2067 508 2134 dignitatem,
535 2070 626 2120 sed
658 2079 707 2120 et
739 2069 1039 2135 privatorum
1075 2069 1399 2135 plurimorum
1433 2080 1482 2120 et
1514 2069 1772 2120 universae
1804 2070 1873 2121 rei

202 2149 431 2216 publicae
455 2152 665 2201 salutem
690 2152 903 2203 maxime
927 2152 1181 2203 contineri.
1263 2154 1430 2215 Quam
1449 2153 1518 2202 ob
1540 2170 1645 2202 rem
1669 2152 1870 2217 pergite,

132 2246 181 2291 ²5
202 2239 259 2282 ut
288 2231 462 2293 facitiS‚
495 2234 853 2295 adulescentes,
880 2243 1030 2298 atque
1067 2234 1119 2283 in
1157 2233 1209 2283 id
1247 2234 1481 2294 studium,
1509 2233 1560 2282 in
1598 2251 1701 2298 quo
1738 2235 1869 2295 estiS,

203 2311 490 2375 incumbite,
539 2326 594 2364 ut
641 2324 690 2365 et
735 2315 878 2366 vobis
924 2315 1101 2366 honori
1149 2324 1198 2365 et
1244 2314 1416 2365 amicis
1463 2315 1660 2364 utilitati
1706 2325 1756 2365 et
1803 2315 1872 2365 rei

203 2395 433 2460 publicae
457 2398 798 2448 emolumento
822 2415 930 2448 esse
955 2397 1182 2462 possitis.'
1229 2399 1362 2446 Tum
1387 2399 1625 2447 Scaevola
1648 2397 1868 2457 comiter,
1894 2381 1931 2429 9

203 2485 260 2526 ut
305 2477 510 2539 solebat,
550 2481 765 2528 ‘cetera'
806 2479 966 2543 inquit
1011 2478 1288 2528 ‘adsentior
1329 2479 1523 2538 CraSSO,
1567 2496 1631 2527 ne
1676 2488 1761 2528 aut
1808 2481 1873 2529 de
1896 2456 1947 2497 35

206 2558 263 2609 C.
292 2558 430 2608 Laeli
454 2559 611 2609 soceri
635 2559 734 2610 mei
757 2570 842 2610 aut
866 2562 931 2611 de
962 2560 1109 2609 huius
1141 2558 1307 2623 generi
1342 2568 1426 2607 aut
1461 2568 1564 2608 arte
1598 2569 1684 2608 aut
1719 2559 1874 2623 gloria

131 2659 186 2701 30
205 2638 495 2701 detraham3
542 2641 631 2690 sed
668 2639 751 2690 illa
788 2642 904 2702 duo,
933 2642 1123 2701 Crasse,
1149 2656 1320 2689 vereor
1351 2649 1405 2688 ut
1434 2639 1523 2688 tibi
1547 2640 1734 2704 possim
1757 2658 1874 2691 con-

206 2721 411 2771 cedere:
447 2737 619 2782 unnm,
646 2723 784 2785 quod
807 2723 872 2771 ab
896 2721 1171 2772 oratoribus
1196 2720 1416 2770 civitates
1449 2729 1498 2769 et
1523 2719 1663 2771 initio
1694 2722 1874 2771 consti—

204 2810 335 2852 tutas
359 2810 409 2852 et
433 2818 580 2867 saepe
604 2812 916 2853 conservatas
941 2820 1049 2853 esse
1073 2801 1250 2861 dixisti,
1276 2803 1498 2862 alterum,
1519 2804 1657 2865 quod
1680 2812 1874 2853 remoto

261 2932 316 2972 M
325 2931 464 2972 =HE
627 2946 650 2984 7
680 2933 848 2984 integer
866 2933 1032 2974 Vassis:
1061 2934 1250 2984 integros
1266 2931 1316 2970 M
1332 2947 1342 2972 ε
1381 2933 1598 2982 improbos
1618 2932 1654 2971 L
1673 2948 1682 2973 :
1704 2934 1874 2987 integer

207 2999 306 3028 reos
330 2986 465 3028 Deiter
577 3000 626 3027 12
645 2988 690 3028 in
707 2989 890 3029 dicendo
911 2987 963 3027 M
1074 2989 1124 3028 18
1152 2988 1205 3028 ad
1225 2989 1338 3028 hunc
1358 2985 1461 3025 M²L
1480 3002 1488 3029 :
1507 2984 1563 3028 ‘in
1584 2988 1698 3028 hunc
1718 3002 1762 3028 m
1783 3002 1872 3031 rece.

209 3053 263 3083 20
290 3042 521 3083 discribere
539 3042 655 3083 H¹R
