2112 3444
101 149 144 196 *9
171 153 220 195 35

173 367 223 417 36

169 936 222 982 37

707 139 778 186 M.
815 139 1024 186 TVLLI
1063 139 1441 188 CICERONIS

244 277 365 336 foro,
394 277 651 341 contione,
690 276 896 337 iudiciis,
937 286 1109 326 senatu
1147 276 1356 326 statuisti
1396 285 1638 326 oratorem
1675 275 1727 325 in
1761 274 1900 326 omni

244 373 422 420 genere
446 357 686 407 sermonis
711 366 759 407 et
782 357 1099 407 humanitatis
1130 374 1236 406 esse
1260 360 1543 421 perfectum.
1615 356 1742 419 Quis
1765 355 1899 406 enim

245 437 334 486 tibi
358 439 456 487 hoc
487 438 784 488 concesserit
815 447 900 487 aut
932 437 1072 487 initio
1103 455 1257 501 genus
1289 437 1548 486 hominum
1571 436 1623 485 in
1647 435 1900 486 montibus

244 534 303 585 ac
338 517 469 567 silvis
507 519 800 582 dissipatum
835 536 937 567 non
975 518 1291 582 prudentium
1332 516 1548 566 consiliis
1587 518 1901 581 compulsum

244 598 408 661 potius
455 616 604 662 quam
651 599 944 649 disertorum
991 599 1211 649 oratione
1268 599 1537 648 delenitum
1595 615 1649 648 se
1705 597 1901 663 oppidis
1923 615 1946 657 5

245 679 607 743 moenibusque
638 681 912 745 saepsisse?
952 689 1037 729 aut
1068 698 1184 730 vero
1219 680 1427 743 reliquas
1462 679 1695 729 utilitates
1729 687 1815 728 aut
1848 679 1900 728 in

244 759 602 810 constituendis
634 769 718 810 aut
751 761 802 810 in
834 760 1183 810 conservandis
1220 759 1495 808 civitatibus
1527 776 1629 809 non
1660 776 1691 808 a
1714 758 1902 823 sapien-

241 839 376 893 tibus
412 850 460 890 et
498 840 703 890 fortibus
739 840 866 902 viriS,
894 844 982 891 sed
1022 859 1052 890 a
1088 840 1279 891 disertis
1317 849 1585 904 ornateque
1621 839 1901 890 dicentibus

245 937 354 971 esse
377 921 708 971 constitutas?
777 925 858 971 An
890 939 1006 972 vero
1042 921 1131 971 tibi
1170 923 1415 971 Romulus
1452 921 1533 970 ille
1566 929 1651 970 aut
1682 929 1901 984 pastores

245 1010 295 1050 et
318 1018 565 1051 convenas
590 1018 911 1066 congregasse
934 1011 1019 1051 aut
1044 1001 1338 1052 Sabinorum
1358 1001 1572 1051 conubia
1589 1001 1902 1051 coniunxisse

246 1090 330 1130 aut
375 1081 695 1131 finitimorum
741 1082 841 1131 vim
888 1083 1173 1146 repressisse
1220 1082 1502 1145 eloquentia
1546 1081 1772 1142 videtur,
1799 1098 1902 1131 non

244 1161 455 1217 consilio
491 1172 539 1212 et
569 1163 806 1226 sapientia
830 1163 1096 1227 singulari?
1165 1163 1338 1226 Quid?
1373 1163 1423 1212 in
1449 1165 1616 1212 Numa
1639 1161 1901 1226 Pompilio,

171 1297 173 1299 ,
245 1243 404 1307 quid?
466 1243 517 1292 in
541 1244 709 1294 Servio
733 1244 913 1305 Tullio,
941 1244 1098 1308 quid?
1148 1244 1198 1293 in
1237 1244 1408 1293 ceteris
1446 1243 1654 1307 regibus,
1691 1258 1903 1306 quorum

174 1657 222 1706 38

175 2819 233 2854 10

180 2896 232 2936 39

246 1325 402 1372 multa
435 1333 550 1373 sunt
585 1324 760 1374 eximia
801 1327 866 1375 ad
904 1325 1300 1375 constituendam
1337 1341 1439 1374 rem
1479 1323 1743 1387 publicam,
1781 1338 1903 1371 num

246 1403 558 1467 eloquentiae
610 1404 868 1467 vestigium
913 1407 1151 1468 apparet?
1220 1404 1394 1466 Quid?
1450 1403 1631 1454 exactis
1690 1401 1901 1466 regibus,

246 1482 440 1533 tametsi
487 1483 644 1547 ipsam
691 1484 997 1534 exactionem
1045 1494 1223 1544 mente,
1273 1501 1374 1533 non
1420 1483 1587 1546 lingua
1637 1484 1904 1546 perfectam

248 1566 301 1613 L.
343 1564 481 1613 Bruti
516 1581 623 1614 esse
652 1564 912 1625 cernimuS,
950 1567 1039 1615 sed
1075 1565 1308 1628 deinceps
1344 1564 1511 1614 omnia
1551 1580 1719 1613 nonne
1758 1564 1907 1627 plena

247 1643 577 1705 consiliorum,
605 1644 770 1695 inania
793 1646 1052 1695 verborum
1087 1645 1348 1695 videmus?
1418 1647 1526 1708 Ego
1549 1661 1665 1694 vero
1693 1643 1735 1693 si
1757 1642 1905 1692 velim

247 1733 295 1774 et
330 1733 526 1774 nostrae
561 1724 766 1775 civitatis
803 1726 1037 1789 exemplis
1075 1726 1146 1775 uti
1181 1735 1230 1775 et
1264 1725 1481 1785 aliarum,
1519 1727 1658 1789 plura
1690 1725 1905 1788 proferre

248 1805 433 1868 possim
479 1805 773 1855 detrimenta
819 1806 1027 1870 publicis
1082 1808 1227 1856 rebus
1274 1823 1424 1870 quam
1470 1806 1769 1866 adiumenta,
1818 1821 1906 1868 per

247 1885 474 1935 homines
507 1886 952 1950 eloquentissimos.
971 1887 1232 1950 importata
1251 1905 1265 1948 5
1300 1889 1389 1936 sed
1412 1895 1466 1935 ut
1490 1886 1676 1950 reliqua
1699 1893 1906 1950 praeter-

249 1966 454 2026 mittam,
481 1966 704 2016 omnium
729 1967 849 2016 mihi
868 1967 1050 2028 videor,
1072 1967 1300 2031 exceptis,
1323 1969 1511 2028 Crasse,
1531 1967 1672 2016 vobis
1691 1967 1902 2026 duobus,

249 2048 677 2111 eloquentissimos
700 2049 896 2099 audisse
920 2049 994 2098 Ti.
1015 2058 1063 2098 et
1088 2051 1143 2100 C.
1167 2049 1496 2113 Semproni08‚
1518 2065 1727 2112 quorum
1752 2056 1903 2112 pater,

249 2130 402 2179 homo
439 2131 654 2193 prudens
692 2139 740 2179 et
776 2130 1358 2194 gravisshaudquaquam
1395 2132 1646 2193 eloquens,
1679 2138 1727 2178 et
1759 2145 1906 2192 saepe

248 2209 367 2259 alias
392 2219 440 2259 et
464 2210 675 2260 maxime
699 2228 873 2261 censor
898 2212 1039 2261 saluti
1065 2212 1133 2261 rei
1158 2211 1385 2276 publicae
1409 2210 1530 2259 fuit:
1565 2219 1714 2273 atque
1737 2209 1778 2259 is
1802 2226 1905 2258 non

248 2300 476 2340 accurata
520 2293 735 2355 quadam
782 2292 1014 2343 orationis
1057 2293 1212 2357 copia,
1256 2295 1344 2342 sed
1391 2300 1514 2341 nutu
1559 2300 1709 2354 atque
1754 2290 1907 2340 verbo

249 2370 501 2420 libertinos
543 2371 593 2420 in
640 2373 851 2422 urbanas
892 2374 1046 2423 tribus
1087 2373 1344 2433 transtulit,
1385 2374 1522 2436 quod
1562 2371 1657 2421 nisi
1696 2370 1904 2431 fecisset,

249 2468 352 2500 rem
388 2451 651 2514 publicam,
691 2470 840 2517 quam
883 2473 1017 2505 nunc
1053 2455 1132 2504 vix
1172 2464 1413 2513 tenemus,
1455 2453 1554 2503 iam
1594 2452 1681 2503 diu
1720 2453 1907 2502 nullam

250 2532 554 2581 haberemus.
582 2554 597 2566 ·
629 2536 695 2582 At
753 2553 869 2585 vero
927 2536 1031 2585 eius
1089 2535 1175 2584 filii
1233 2533 1401 2585 diserti
1458 2542 1507 2583 et
1553 2531 1784 2582 omnibus
1830 2532 1908 2580 vel

1927 1018 1976 1048 10

1931 1422 1977 1462 15

1930 1821 1979 1850 20

1931 2225 1979 2266 25

251 2620 451 2661 naturae
487 2615 563 2662 vel
599 2615 850 2665 doctrinae
889 2615 1141 2679 praesidiis
1176 2617 1240 2665 ad
1279 2614 1547 2664 dicendum
1588 2612 1755 2676 parati,
1792 2627 1907 2660 cum
1928 2629 1983 2668 30

253 2691 498 2743 civitatem
523 2698 599 2745 vel
624 2706 828 2760 paterno
853 2697 1058 2747 consilio
1081 2699 1159 2746 vel
1182 2696 1321 2746 avitis
1345 2695 1491 2744 armis
1515 2692 1908 2744 florentissimam

256 2775 573 2838 accepissent,
614 2777 705 2826 ista
751 2779 996 2840 praeclara
1036 2775 1387 2840 gubernatrice,
1431 2783 1485 2824 ut
1530 2773 1614 2833 aiS,
1657 2772 1908 2822 civitatum

257 2856 538 2919 eloquentia
599 2874 701 2906 rem
765 2857 1014 2920 publicam
1075 2855 1444 2920 dissipaverunt.
1540 2852 1716 2915 Quid?
1777 2853 1908 2915 leges

301 2980 355 3018 M
369 2999 401 3012 =
417 2980 507 3019 HE
657 2992 706 3019 10
734 2979 932 3030 coniugia
952 2978 1006 3018 M
1007 3001 1010 3004 ·
1115 2980 1164 3018 16
1184 2977 1330 3028 lingua
1341 2988 1429 3016 non
1442 2977 1585 3014 mente
1607 2973 1758 3014 maluit
1773 2972 1915 3014 Weber

256 3037 309 3074 26
328 3040 431 3074 nutu
454 3048 542 3075 recc.
561 3048 568 3072 :
599 3036 712 3074 nuda
731 3034 826 3073 Mm
