2150 3444
117 141 279 201 63255
712 163 719 172 -
765 142 835 191 M.
873 143 1085 191 TVLLr
1121 142 1505 193 CICERONIS
1565 167 1570 170 -

308 277 511 328 verbum
537 287 669 329 etex
700 296 774 340 e0,
802 288 857 328 ut
890 297 919 328 a
953 281 1131 330 Catulo
1164 278 1214 329 in
1250 279 1548 344 Philippum,
1575 279 1627 331 in
1657 297 1773 330 eum
1796 280 1959 347 ipsum

203 363 283 417 256
305 359 506 423 aliquid,
545 359 630 423 qui
666 359 920 420 lacessivit,
958 359 1201 422 infligitur.
1275 361 1374 409 Sed
1409 376 1523 408 cum
1557 362 1698 424 plura
1731 361 1828 411 sint
1860 378 1962 411 am·

304 438 440 504 bigui
486 457 677 504 genera,
726 441 791 490 de
838 439 1017 504 quibus
1065 449 1139 490 est
1175 439 1400 489 doctrina
1436 441 1680 503 quaedam
1721 440 1957 502 subtilior,

304 522 559 570 attendere
583 529 632 570 et
663 520 895 584 aucupari
926 522 1076 570 verba
1098 520 1345 584 oportebit
1361 539 1376 582 3
1424 520 1476 568 in
1508 537 1622 584 quo,
1657 530 1712 571 ut
1735 538 1805 583 ea,
1832 538 1960 586 quae

304 601 403 649 sint
425 600 685 664 frigidiora,
712 601 1081 662 vitemus,-est
1113 601 1247 650 enim
1271 603 1652 661 cavendum,·ne
1673 601 1960 655 arcessitum
1981 619 2006 661 5

304 682 494 731 dictum
518 684 1027 746 putetur—permulta
1054 691 1221 731 tamen
1252 691 1396 731 acute
1425 681 1660 731 dicemus.
1735 684 1960 733 Alterum

302 778 459 825 genus
484 770 569 822 est,
598 764 735 825 quod
759 763 908 812 habet
930 779 1131 826 parvam
1155 761 1291 811 verbi
1313 761 1722 822 immutationem,
1749 764 1885 827 quod
1908 762 1960 814 in

302 842 462 892 littera
485 843 702 906 positum
736 843 912 893 Graeci
940 852 1121 894 vocant
1150 845 1514 908 παρονομασίαν,
1538 851 1593 892 ut
1617 845 1631 870 ‘
1651 843 1960 894 Nobiliorem

305 922 646 972 mobiliorem’
694 925 851 985 Cato3
907 933 1005 985 aut,
1057 933 1112 973 ut
1159 923 1306 986 idem,
1355 941 1470 973 cum
1517 923 1714 974 cuidam
1759 923 1961 974 dixisset

306 1007 321 1030 ‘
336 1020 505 1052 eamus
530 1004 902 1053 deambulatum
922 1006 933 1027 '
957 1013 1006 1054 et
1031 1003 1112 1054 ille
1140 1007 1152 1030 ‘
1170 1004 1291 1068 quid
1315 1020 1440 1067 opus
1464 1004 1556 1053 fuit
1579 1005 1705 1065 de?†
1767 1007 1779 1030 ‘
1795 1006 1960 1055 Immo
1983 1020 2035 1051 10

305 1101 421 1134 vero
440 1086 451 1108 '
475 1084 635 1148 inquit
673 1087 685 1109 ‘
704 1084 824 1148 quid
861 1101 986 1148 opus
1018 1085 1110 1134 fuit
1146 1086 1256 1134 te?'
1314 1087 1416 1133 Aut
1448 1085 1670 1135 eiusdem
1705 1085 1960 1150 responsio

204 1176 281 1223 257
305 1166 387 1215 illa
436 1165 503 1214 ‘si
541 1175 593 1215 tu
632 1174 680 1215 et
716 1167 950 1216 adversus
992 1175 1041 1216 et
1079 1183 1276 1216 aversus
1318 1165 1597 1231 impudicus
1643 1168 1726 1216 es.'
1797 1166 1960 1218 Etiam

303 1247 639 1312 interpretatio
688 1247 904 1298 nominis
951 1249 1102 1298 habet
1152 1265 1377 1309 acumen,
1426 1265 1541 1298 cum
1587 1249 1653 1298 ad
1699 1248 1961 1301 ridiculum

304 1337 572 1389 convertaS‚
617 1345 768 1392 quam
805 1329 873 1378 ob
914 1346 1017 1379 rem
1055 1329 1123 1379 ita
1159 1329 1268 1393 quis
1304 1337 1505 1379 vocetur
1520 1346 1535 1390 3
1583 1337 1637 1378 ut
1677 1345 1770 1392 ego
1804 1347 1961 1394 nuper

305 1408 599 1458 Nummium
647 1409 924 1471 divisorem,
975 1418 1028 1459 ut
1081 1411 1469 1474 Neoptolemum
1514 1411 1579 1460 ad
1625 1409 1840 1472 Troiam,
1887 1411 1960 1461 sic
1985 1427 2033 1468 15

210 1498 281 1554 64
304 1490 442 1539 illum
467 1490 518 1539 in
543 1506 721 1554 campo
747 1490 929 1540 Martio
954 1507 1139 1540 nomen
1163 1490 1438 1552 invenisse3
1471 1498 1622 1554 atque
1645 1492 1769 1540 haec
1791 1491 1962 1543 omnia

304 1571 455 1623 verbo
479 1570 806 1621 continentur.
858 1572 1037 1635 Saepe
1072 1570 1220 1621 etiam
1249 1587 1416 1620 versus
1439 1572 1597 1620 facete
1620 1570 1958 1635 interponitur,

303 1654 381 1703 vel
410 1660 464 1701 ut
495 1660 570 1701 est
601 1653 678 1702 vel
703 1652 958 1716 paululum
987 1651 1288 1712 immutatus,
1326 1660 1411 1702 aut
1444 1650 1610 1714 aliqua
1637 1667 1748 1714 pars
1777 1667 1958 1712 versus,

303 1741 358 1782 ut
382 1732 504 1783 Stati
535 1749 566 1782 a
589 1734 773 1783 Scauro
809 1734 1149 1782 stomachante
1165 1751 1179 1795 3
1232 1750 1291 1782 ex
1322 1749 1423 1797 quo
1448 1741 1563 1782 sunt
1585 1748 1688 1783 non
1711 1731 1847 1792 nulli,
1873 1731 1960 1796 qui

303 1823 440 1864 tuam
464 1816 623 1877 legem
647 1816 711 1863 de
736 1813 930 1863 civitate
954 1823 1133 1874 natam,
1157 1816 1344 1874 Crasse,
1372 1813 1540 1864 dicant
1561 1832 1572 1864 :
1983 1831 2035 1860 20

371 1903 429 1955 st,
447 1903 618 1955 tacete,
637 1894 758 1958 quid
777 1895 873 1943 hoc
893 1893 1155 1943 clamoris?
1191 1894 1386 1955 Quibus
1405 1911 1498 1944 nec
1517 1902 1671 1944 mater
1688 1910 1782 1944 nec
1804 1902 1955 1958 pater,

370 1983 507 2024 tanta
530 1974 870 2026 confidentia?
926 1975 1130 2023 Auferte
1154 1973 1298 2022 istam
1323 1974 1456 2023 enim
1481 1974 1773 2038 superbiam.

303 2058 436 2106 Nam
461 2055 512 2104 in
538 2055 707 2105 Caelio
733 2071 850 2103 sane
875 2054 1022 2103 etiam
1054 2056 1120 2104 ad
1150 2071 1349 2103 causam
1381 2054 1500 2104 utile
1534 2054 1627 2104 fuit
1650 2063 1791 2104 tuum
1820 2054 1956 2115 illud,

302 2135 505 2195 Antoni,
532 2151 647 2183 cum
671 2134 751 2183 ille
786 2151 816 2183 a
849 2151 900 2183 se
928 2134 1192 2198 pecuniam
1227 2136 1498 2198 profectam
1532 2134 1718 2185 diceret
1749 2134 1885 2188 testis
1909 2144 1959 2184 et

302 2218 505 2267 haberet
528 2217 683 2266 filium
708 2217 1056 2279 delicatiorem,
1082 2218 1298 2268 abeunte
1321 2217 1419 2267 iam
1441 2217 1540 2280 illo,
1983 2234 2033 2275 25

572 2298 733 2349 sentin
758 2316 927 2350 senem
952 2316 1059 2350 esse
1082 2308 1268 2349 tactum
1292 2299 1486 2363 triginta
1509 2298 1654 2348 minis
1669 2301 1692 2348 ?

204 2395 283 2444 258
308 2384 369 2433 In
393 2383 489 2431 hoc
512 2397 666 2445 genus
683 2380 992 2431 coniciuntur
1015 2379 1164 2431 etiam
1188 2379 1456 2445 proverbia,
1475 2388 1528 2429 ut
1551 2378 1674 2429 illud
1698 2377 1954 2444 ScipioniS,

361 2510 414 2549 M
431 2530 465 2544 =
486 2509 540 2549 H
700 2510 728 2549 6
754 2516 877 2550 acuta
897 2509 1009 2549 Hm²
1187 2523 1210 2560 7
1242 2520 1390 2559 parum
1409 2507 1502 2547 Hm
1679 2507 1957 2549 imitationem

305 2565 400 2606 Hm
528 2565 554 2603 8
585 2579 718 2617 παρον.
739 2577 822 2605 om.
849 2564 957 2604 codd.
984 2564 1102 2604 habet
1120 2565 1197 2615 Lg.
1223 2564 1272 2602 81
1411 2576 1439 2612 9
1467 2562 1578 2603 mob.
1599 2574 1682 2602 om.
1706 2561 1802 2600 Hm
1910 2565 1958 2600 ut

307 2619 417 2658 idern
447 2618 483 2657 L
514 2618 644 2669 (miro
673 2618 797 2658 modo
828 2618 1049 2658 turbantur
1077 2617 1241 2667 codices)
1376 2615 1544 2656 cuidam
1565 2629 1680 2657 recc.:
1711 2615 1884 2666 quidem
1911 2626 1956 2655 m

310 2685 360 2711 10
378 2671 479 2722 quid
492 2671 550 2711 Le
567 2686 575 2710 ε
607 2673 677 2723 qui
691 2673 785 2713 Hm
801 2672 952 2724 (‘1dem
967 2671 1080 2724 quod
1090 2671 1156 2711 cui
1170 2670 1179 2688 ’
1194 2669 1414 2721 Fn'edrich)
1493 2683 1539 2710 11
1561 2669 1699 2720 inquit
1712 2681 1796 2709 om.
1812 2668 1954 2708 Hm.-

305 2726 505 2776 quicquid
524 2726 618 2765 Hm
674 2724 846 2777 sponsio
865 2726 960 2765 Hm
1088 2738 1136 2764 12
1166 2731 1213 2764 et
1228 2737 1402 2765 aversus
1421 2737 1504 2764 om.
1521 2723 1616 2764 Hm
1730 2724 1780 2762 18
1807 2723 1954 2762 immu-

307 2780 436 2819 tatius
454 2781 527 2819 H:
558 2780 762 2820 imitatius
783 2793 826 2820 m
941 2792 991 2829 19
1012 2778 1119 2819 Stati
1139 2792 1165 2819 a
1182 2779 1295 2818 Bake
1403 2778 1536 2818 satius
1556 2776 1666 2818 codd.
1686 2791 1696 2816 ε
1728 2777 1890 2817 Statius
1909 2787 1953 2815 e:

307 2836 355 2871 2‘1
388 2839 417 2874 t.
439 2833 524 2874 edd.
548 2848 557 2873 ε
597 2835 632 2873 si
652 2835 689 2874 L
715 2835 850 2886 vulg:
900 2835 977 2874 sed
997 2833 1102 2873 P²et
1148 2845 1232 2873 om.
1256 2830 1350 2871 Hm
1594 2843 1646 2870 22
1675 2830 1828 2871 confid.
1850 2829 1956 2869 estis

307 2886 414 2926 codd.
437 2900 446 2925 :
476 2901 573 2927 corr.
598 2887 753 2928 Schic'tz
906 2887 1071 2927 auferte
1091 2901 1134 2929 e:
1165 2886 1304 2926 aufert
1324 2885 1434 2926 codd.
1600 2884 1714 2924 enim
1733 2897 1816 2924 om.
1837 2883 1953 2923 Hme

307 2953 359 2992 25
389 2942 470 2980 iam
491 2947 603 2981 etate
623 2942 693 2984 H:
723 2951 808 2983 om.
832 2940 894 2983 L:
924 2942 1004 2980 iam
1024 2941 1134 2981 elate
1152 2940 1351 2980 Fn‘edm'ch
1487 2940 1542 2978 26
1568 2938 1716 2978 sentiri
1735 2937 1829 2978 Hm
