2150 3444
785 154 881 206 DE
915 155 1255 206 ORATORE
1332 158 1362 205 1.
1918 160 1985 221 38
2008 178 2083 223 173

231 298 664 351 innumerabilium
705 298 810 348 iura
847 306 1111 357 versentur,
1153 314 1267 346 cum
1310 297 1530 358 omnino,
1572 299 1693 363 quid
1735 318 1893 360 suum,

231 379 355 445 quid
393 379 624 440 alienum,
659 395 759 444 qua
798 396 850 429 re
887 378 1104 442 denique
1137 377 1256 427 civis
1287 387 1372 427 aut
1401 378 1696 442 peregrinus,
1730 398 1896 430 servus

230 469 317 512 aut
362 458 485 510 liber
525 459 772 525 quispiam
813 459 888 520 sit,
932 459 1136 524 ignoret,
1181 458 1385 522 insignis
1427 469 1500 509 est
1542 459 1891 523 impudentiae.

233 542 327 597 Illa
362 558 478 591 vero
519 540 792 591 deridenda
831 539 1120 604 adrogantia
1160 548 1247 600 est,
1288 539 1339 589 in
1381 540 1654 590 minoribus
1692 541 1895 605 navigiis
1925 555 2000 597 174

183 636 211 682 5
230 623 405 674 rudem
452 639 560 672 esse
607 639 660 672 se
707 621 943 683 confiteri,
985 621 1355 687 quinqueremis
1402 631 1568 672 autem
1615 632 1700 672 aut
1747 623 1895 673 etiam

230 703 440 755 maiores
470 705 744 769 gubernare
776 703 1021 754 didicisse.
1095 706 1175 753 Tu
1212 702 1335 753 mihi
1370 721 1484 754 cum
1514 704 1566 753 in
1598 704 1782 755 circulo
1814 707 1896 755 de-

199 778 411 850 'cipiare
443 784 691 835 adversari
725 784 1127 849 stipulatiuncula
1173 794 1222 834 et
1269 802 1383 834 cum
1422 785 1652 848 obsignes
1691 786 1895 837 tabellas

229 864 421 915 clientis
445 865 530 927 tui,
557 865 738 930 quibus
768 865 820 915 in
849 865 1041 915 tabellis
1071 865 1123 915 id
1153 865 1214 915 sit
1244 865 1493 929 scripturn,
1522 883 1622 930 quo
1654 865 1735 915 ille
1767 866 1896 931 capi-

229 955 350 1008 atur,
369 963 461 1012 ego
479 946 570 997 tibi
587 948 740 998 ullam
765 964 965 997 causam
991 947 1228 997 maiorem
1253 947 1662 998 committendam
1687 951 1896 1012 putem?

161 1043 210 1076 ιο
231 1027 390 1080 Citius
413 1030 612 1079 hercule
631 1028 688 1090 is,
707 1028 797 1094 qui
812 1031 1025 1079 duorum
1050 1031 1345 1079 scalmorum
1372 1029 1648 1079 naviculam
1673 1029 1723 1078 in
1748 1039 1894 1094 portu

229 1108 467 1171 everterit,
494 1109 546 1160 in
572 1109 769 1161 Euxino
793 1120 950 1175 ponto
975 1113 1370 1174 Argonautarum
1395 1127 1572 1159 navem
1596 1110 1889 1174 gubernarit.

230 1190 406 1255 Quid?
440 1191 482 1242 si
505 1208 569 1242 ne
592 1209 771 1257 parvae
794 1191 998 1257 quidem
1018 1209 1196 1242 causae
1215 1202 1342 1253 sunt,
1361 1194 1450 1242 sed
1469 1209 1616 1257 saepe
1635 1192 1890 1253 maximae,
1923 1205 1998 1249 175

228 1270 282 1322 in
315 1272 498 1338 quibus
533 1282 744 1323 certatur
776 1275 840 1323 de
872 1266 976 1323 iure
1009 1273 1152 1334 civili,
1189 1274 1326 1338 quod
1358 1275 1560 1323 tandem
1594 1290 1649 1323 os
1683 1283 1756 1323 est
1788 1273 1893 1324 eius

229 1353 437 1419 patroni,
459 1353 545 1419 qui
567 1356 633 1405 ad
657 1371 740 1404 eas
765 1371 937 1406 causas
963 1353 1068 1404 sine
1092 1357 1193 1404 ulla
1216 1354 1421 1405 scientia
1444 1354 1560 1405 iuris
1584 1356 1735 1405 audet
1758 1372 1895 1405 acce-

158 1453 206 1496 ¹5
230 1436 385 1486 dere?
453 1437 599 1499 Quae
639 1436 800 1501 potuit
840 1436 984 1500 igitur
1026 1453 1132 1487 esse
1174 1453 1322 1486 causa
1363 1436 1530 1496 maior,
1573 1453 1722 1501 quam
1764 1436 1894 1486 illius

230 1516 435 1567 militis?
486 1519 551 1568 de
592 1517 733 1568 cuius
773 1527 931 1568 morte
978 1535 1092 1568 cum
1134 1519 1341 1568 domum
1382 1520 1531 1568 falsus
1573 1519 1638 1567 ab
1679 1517 1893 1568 exercitu

230 1597 433 1648 nuntius
460 1598 674 1648 venisset
710 1608 758 1649 et
794 1608 931 1663 pater
966 1599 1070 1649 eius
1106 1616 1158 1649 re
1193 1599 1378 1649 credita
1409 1607 1760 1649 testamentum
1790 1616 1893 1656 mu-

230 1687 383 1730 tasset
417 1689 479 1740 et,
515 1697 666 1744 quem
702 1680 748 1730 ei
786 1680 945 1730 visum
982 1690 1123 1741 esset,
1164 1680 1359 1730 fecisset
1392 1682 1625 1730 heredem
1663 1689 1892 1744 essetque

229 1758 337 1824 ipse
376 1770 613 1822 mortuus,
658 1779 734 1811 res
774 1763 939 1812 delata
979 1770 1053 1811 est
1092 1763 1158 1810 ad
1199 1761 1543 1821 centumviros,
1588 1778 1703 1810 cum
1751 1760 1891 1810 miles

157 1862 208 1891 20
228 1840 437 1890 domum
467 1842 733 1892 revenisset
762 1842 1039 1907 egissetque
1067 1843 1174 1905 lege
1203 1841 1254 1891 in
1283 1842 1606 1891 hereditatem
1635 1851 1891 1906 paternam

227 1929 525 1973 testamento
553 1925 755 1974 exheres
787 1924 928 1974 filius.
993 1921 1232 1991 [Nempe]
1265 1922 1316 1972 in
1346 1940 1404 1972 ea
1433 1940 1581 1973 causa
1613 1923 1890 1987 quaesitum

225 2012 300 2054 est
317 2005 382 2054 de
400 2003 504 2054 iure
522 2004 666 2067 civili,
686 2015 918 2070 possetne
943 2015 1258 2069 paternorum
1285 2005 1530 2054 bonorum
1556 2006 1757 2055 exheres
1783 2023 1890 2055 esse

223 2085 367 2148 filius,
410 2104 560 2153 quern
601 2097 740 2152 pater
780 2097 1077 2138 testamento
1119 2104 1281 2151 neque
1327 2088 1562 2137 heredem
1610 2104 1773 2151 neque
1815 2104 1891 2136 ex-

224 2167 459 2218 heredem
500 2169 773 2234 scripsisset
814 2168 1122 2220 nominatim.
1216 2168 1394 2231 Quid?
1435 2186 1533 2232 qua
1571 2170 1634 2218 de
1672 2184 1724 2218 re
1764 2168 1891 2218 inter

151 2266 201 2308 25
227 2251 491 2300 Marcellos
523 2260 572 2300 et
601 2251 840 2302 Claudios
873 2251 1102 2316 patricios
1136 2249 1427 2299 centumviri
1456 2249 1748 2310 iudicarunt,
1776 2266 1891 2299 cum

226 2330 450 2381 Marcelli
473 2333 539 2382 ab
562 2331 723 2383 liberti
747 2333 849 2383 filio
869 2333 1031 2396 stirpe,
1051 2332 1249 2383 Claudii
1274 2330 1464 2395 patricii
1489 2331 1712 2380 eiusdem
1737 2330 1894 2380 homi-

223 2411 300 2461 nis
335 2413 659 2464 hereditatem
694 2424 841 2478 gente
876 2416 941 2465 ad
978 2431 1030 2464 se
1063 2414 1248 2464 redisse
1281 2413 1514 2473 dicerent,
1547 2429 1715 2462 nonne
1748 2412 1799 2460 in
1835 2429 1895 2461 ea

223 2509 372 2543 causa
394 2494 486 2544 fuit
510 2494 784 2545 oratoribus
809 2498 873 2546 de
898 2505 1004 2546 toto
1029 2495 1190 2559 stirpis
1216 2505 1265 2544 et
1290 2493 1574 2558 gentilitatis
1601 2493 1703 2542 iure
1729 2492 1895 2543 dicen-

223 2575 382 2624 dum?
451 2575 627 2638 Quid?
661 2579 799 2641 quod
830 2577 949 2627 item
981 2577 1032 2626 in
1063 2575 1402 2626 centumvirali
1433 2575 1619 2625 iudicio
1653 2584 1892 2625 certatum
1919 2592 1996 2639 177

148 2672 201 2714 30
222 2652 331 2706 eSse
348 2657 645 2721 accepimus,
664 2675 779 2708 cum
800 2660 1016 2708 Romam
1034 2657 1085 2706 in
1105 2657 1329 2707 exsilium
1349 2656 1576 2717 venisset,
1597 2655 1677 2706 cui
1698 2659 1893 2706 Romae

222 2739 443 2788 exsulare
477 2738 553 2789 ius
589 2749 732 2800 esset,
760 2739 800 2789 si
830 2757 883 2789 se
914 2741 979 2790 ad
1019 2739 1235 2803 aliquem
1266 2738 1406 2803 quasi
1438 2747 1703 2803 patronum
1740 2737 1893 2802 appli-

222 2818 445 2881 cavisset,
480 2819 813 2886 intestatoque
843 2829 972 2871 esset
1001 2830 1238 2882 mortuuS,
1271 2836 1439 2871 nonne
1468 2818 1519 2869 in
1550 2836 1608 2869 ea
1637 2836 1785 2869 causa
1815 2819 1890 2869 ius

1914 2148 1984 2196 39

1920 2212 1997 2266 176

275 2948 381 2990 Ma·
404 2948 458 2989 H
560 2963 586 2990 2
615 2951 783 2991 demum
804 2963 848 2991 m
979 2963 1025 2990 11
1058 2949 1210 2990 evertit
1231 2947 1286 2989 H
1340 2945 1344 2949 ’
1413 2960 1463 2989 21
1497 2948 1662 3000 Nempe
1682 2961 1765 2990 om.
1791 2949 1887 2989 Hm

221 3016 277 3056 30
305 3017 399 3045 cum
422 3005 603 3046 Romam
621 3006 814 3049 Ellendt:
843 3005 915 3057 qui
937 3005 1118 3046 Romam
1138 3003 1250 3045 codd.
