2150 3444
773 160 869 213 DE
906 159 1247 213 ORATORE
1312 163 1335 211 I

221 305 519 372 ponendam.
594 306 773 370 Neque
797 319 913 354 vero
937 304 1034 352 hoc
1067 303 1227 352 solum
1260 299 1395 361 dixit,
1424 302 1512 351 sed
1537 300 1642 365 ipse
1667 310 1714 351 et
1741 302 1890 351 sensit

221 396 272 438 et
294 386 442 438 fecit:
478 402 595 437 nam
628 383 743 437 cum
779 394 907 436 esset
942 384 1024 434 ille
1052 383 1124 434 vir
1158 384 1454 446 exemplum,
1490 391 1543 432 ut
1581 384 1727 444 seitiS,
1755 384 1891 434 inno-

222 467 414 519 centiae
449 484 665 533 cumque
700 467 785 518 illo
820 474 970 517 nemo
1005 481 1169 530 neque
1201 464 1434 528 integrior
1466 473 1595 514 esset
1620 465 1671 514 in
1697 464 1891 515 civitate

222 565 387 615 neque
411 548 639 610 sanctior,
666 565 769 598 non
793 548 948 598 modo
973 544 1181 611 supplex
1203 545 1452 596 iudicibus
1478 563 1586 596 esse
1605 547 1779 607 noluit,
1803 549 1891 597 sed

175 653 202 696 5
222 647 288 681 ne
321 630 540 681 ornatius
576 630 780 695 quidem
817 638 902 679 aut
939 628 1139 678 liberius
1175 644 1376 678 causam
1413 628 1512 679 dici
1550 642 1703 689 suam,
1742 645 1892 693 quam

223 711 431 776 simplex
454 711 577 761 ratio
601 710 815 761 veritatis
839 710 1039 760 ferebat.
1113 711 1324 759 Paulum
1361 709 1478 759 huic
1512 711 1690 761 Cottae
1725 710 1893 759 tribuit

221 793 448 858 partium,
489 792 811 843 disertissimo
848 790 1170 852 adulescenti,
1216 791 1395 841 sororis
1438 808 1556 841 suae
1595 791 1698 841 filio
1723 810 1738 854 ,-
1773 791 1893 841 dixit

222 874 342 924 item
378 890 578 924 causam
614 874 748 924 illam
784 875 1001 938 quadam
1031 890 1090 922 ex
1118 882 1255 937 parte
1290 875 1351 936 Q.
1382 873 1597 935 MuciuS,
1625 890 1762 925 more
1786 891 1891 934 suo,

2 1006 11 1018 ἐ
223 957 360 1006 nullo
383 964 634 1020 apparatu,
661 972 783 1019 pure
815 963 864 1004 et
900 954 1130 1005 dilucide.
1206 955 1360 1017 Quod
1389 955 1430 1004 si
1454 963 1507 1004 tu
1532 964 1664 1016 tunc,
1701 957 1891 1015 Crasse,

0 1041 29 1128 3
150 1058 204 1089 ιο
223 1035 442 1098 dixisses,
460 1037 545 1102 qui
561 1037 838 1087 subsidium
854 1035 1034 1109 oratori
1059 1053 1118 1110 ex
1142 1035 1235 1086 illis
1255 1036 1686 1100 disputationibuS,
1714 1036 1894 1100 quibus

3 1134 7 1137 ’
222 1117 508 1183 philosophi
532 1127 748 1179 utuntur,
776 1119 841 1168 ad
866 1118 1066 1168 dicendi
1093 1117 1289 1181 copiam
1315 1120 1587 1182 petendum
1613 1135 1721 1168 esse
1745 1120 1894 1183 paulo

222 1205 339 1250 ante
379 1199 595 1260 dicebaS,
627 1209 689 1260 et,
726 1199 765 1249 si
795 1199 884 1267 tibi
916 1216 1006 1263 pro
1040 1202 1091 1248 P.
1131 1198 1319 1249 Rutilio
1348 1216 1451 1249 non
1483 1199 1893 1264 philosophorum

224 1298 376 1343 more,
403 1283 492 1332 sed
515 1290 602 1332 tuo
627 1281 844 1331 licuisset
869 1281 1046 1342 dicere,
1075 1281 1299 1345 quamvis
1333 1281 1554 1331 scelerati
1579 1282 1647 1330 illi
1671 1281 1891 1342 fuissent,

0 1415 5 1431 ,Α
222 1362 370 1412 sicuti
426 1364 623 1413 fuerunt
681 1362 899 1427 pestiferi
958 1362 1088 1412 cives
1137 1362 1481 1427 supplicioque
1529 1362 1678 1426 digni,
1728 1371 1891 1413 tamen

0 1437 50 1516 Ϊξ
155 1465 203 1509 ¹5
226 1461 428 1494 omnem
466 1461 638 1495 eorum
679 1444 1103 1509 importunitatem
1143 1461 1202 1494 ex
1243 1443 1427 1493 intimis
1475 1443 1725 1494 mentibus
1773 1446 1897 1494 evel-

226 1525 361 1575 lisset
398 1525 470 1575 vis
508 1525 744 1576 orationis
782 1534 909 1576 tuae.
986 1527 1136 1575 Nunc
1164 1525 1274 1575 talis
1303 1525 1375 1574 vir
1409 1525 1619 1575 amissus
1655 1534 1742 1586 est,
1775 1526 1896 1575 dum

227 1623 375 1657 causa
399 1607 466 1656 ita
490 1607 682 1668 dicitur,
709 1617 763 1657 ut
788 1607 828 1657 si
853 1608 904 1656 in
940 1607 1022 1656 illa
1059 1606 1408 1657 commenticia
1444 1607 1664 1656 Platonis
1702 1607 1897 1656 civitate

226 1705 302 1738 res
320 1698 556 1753 ageretur.
610 1691 776 1739 Nemo
800 1689 1053 1753 ingemuit,
1076 1705 1226 1738 nemo
1251 1688 1534 1738 inclamavit
1558 1697 1894 1752 patronorum,

225 1770 605 1835 nihilcuiquam
629 1771 802 1831 doluit,
829 1787 979 1820 nemo
1004 1779 1077 1820 est
1096 1779 1313 1835 questuS,
1341 1787 1491 1821 nemo
1515 1786 1619 1820 rem
1643 1770 1896 1835 publicam

150 1873 207 1903 ,πο
226 1851 518 1916 imploravit,
545 1869 695 1902 nemo
719 1851 1012 1916 supplicavit
1032 1869 1046 1914 3
1081 1851 1203 1916 quid
1239 1854 1430 1902 multa?
1464 1853 1646 1916 pedem
1671 1860 1821 1902 nemo
1845 1852 1896 1901 in

226 1933 312 1984 illo
347 1933 532 1984 iudicio
557 1933 814 1998 supplosit,
842 1935 1006 1994 credo,
1033 1951 1097 1983 ne
1123 1933 1300 1983 Stoicis
1336 1933 1707 1983 renuntiaretur.
1783 1934 1898 1983 Imi-

227 2023 356 2065 tatus
381 2023 455 2065 est
478 2017 633 2066 homo
658 2017 919 2065 Romanus
944 2024 992 2065 et
1017 2015 1287 2065 consularis
1312 2024 1528 2065 veterem
1553 2008 1692 2065 illum
1730 2017 1898 2065 Socra-

226 2105 342 2158 tem,
369 2096 468 2161 qui‚
495 2113 610 2146 cum
646 2096 871 2147 omnium
908 2096 1296 2160 sapientissimus
1329 2107 1458 2147 esset
1490 2097 1898 2161 sanctissimeque

227 2178 438 2240 vixisset,
487 2178 555 2229 ita
595 2179 647 2228 in
684 2178 871 2229 iudicio
909 2178 1082 2243 capitis
1129 2178 1220 2243 pro
1267 2196 1320 2228 se
1357 2179 1464 2243 ipse
1511 2179 1646 2239 dixit,
1691 2188 1745 2228 ut
1794 2196 1896 2228 non

119 2325 126 2331 ι
157 2280 206 2323 25
229 2262 435 2324 supplex
461 2269 546 2310 aut
578 2278 703 2321 reuS,
739 2262 827 2310 sed
859 2260 1089 2324 magister
1122 2269 1208 2310 aut
1242 2261 1475 2310 dominus
1507 2260 1754 2310 videretur
1789 2277 1897 2310 esse

228 2341 463 2391 iudicum.
537 2341 674 2404 Quin
707 2341 869 2404 etiarn,
897 2358 1011 2391 cum
1036 2341 1083 2391 ei
1107 2341 1338 2405 scriptam
1375 2341 1650 2391 orationem
1687 2340 1898 2391 disertis-

229 2422 383 2473 simus
398 2431 561 2472 orator
580 2422 750 2487 Lysias
768 2422 1023 2483 attulisset,
1046 2440 1210 2487 quam,
1230 2423 1270 2472 si
1295 2423 1340 2472 ei
1358 2423 1617 2484 videretur,
1640 2423 1894 2484 edisceret,

229 2514 284 2554 ut
308 2520 367 2554 ea
390 2521 480 2568 pro
504 2521 557 2554 se
580 2504 632 2553 in
656 2504 841 2554 iudicio
857 2513 1085 2565 uteretur,
1107 2522 1210 2554 non
1235 2504 1414 2554 invitus
1430 2504 1546 2568 legit
1565 2514 1613 2554 et
1630 2506 1896 2555 commode

229 2586 461 2650 scriptam
475 2603 584 2636 esse
601 2586 723 2635 dixit
739 2604 754 2648 3
780 2587 895 2636 ‘sed
911 2589 922 2610 '
938 2586 1097 2650 inquit
1115 2591 1126 2613 ‘
1146 2596 1213 2647 ut,
1232 2586 1272 2636 si
1291 2586 1412 2635 mihi
1428 2588 1619 2636 calceos
1639 2586 1896 2651 Sicyonios

154 2687 211 2728 30
230 2667 489 2728 attulisseS,
516 2684 619 2717 non
643 2676 816 2728 uterer,
842 2667 1068 2732 quamvis
1094 2677 1257 2717 essent
1282 2668 1471 2718 habiles
1506 2678 1656 2733 atque
1691 2668 1793 2733 apti
1830 2671 1895 2719 ad

231 2751 428 2814 pedem,
446 2749 562 2813 quia
585 2766 687 2799 non
712 2758 877 2801 essent
891 2749 1083 2810 viriles,⁷
1108 2749 1178 2799 sic
1202 2750 1336 2799 illam
1362 2750 1635 2800 orationem
1661 2751 1893 2801 disertam

233 2831 327 2881 sibi
341 2839 390 2880 et
405 2830 665 2880 oratoriam
682 2830 848 2891 videri,
866 2833 1042 2880 fortem
1059 2839 1107 2881 et
1122 2831 1310 2881 virilem
1327 2849 1429 2882 non
1444 2832 1610 2882 videri.
1664 2835 1794 2897 Ergo
1814 2833 1895 2882 ille

234 2929 437 2977 quoque
452 2914 716 2962 damnatus
735 2922 808 2962 est
826 2931 840 2974 3
863 2930 1027 2977 neque
1051 2915 1213 2962 solum
1232 2913 1402 2977 primis
1422 2914 1690 2975 sententiis,
1713 2915 1894 2979 quibus

233 3003 425 3044 tantum
462 2994 743 3044 statuebant
780 2994 983 3055 iudices,
1021 2996 1313 3045 damnarent
1348 3012 1412 3044 an
1445 2996 1773 3057 absolverent,
1806 2998 1896 3046 sed

1916 174 1979 225 53
2000 170 2077 212 228

1918 321 1995 363 229

1922 975 1999 1014 ²30

1920 1896 1987 1947 54

1924 1973 1999 2013 231
