2150 3444
794 122 889 171 DE
925 118 1267 170 ORATORE
1339 119 1422 167 ΙΙΙ
1966 127 2032 179 33
2055 122 2129 176 136

275 260 624 328 adipiscendos
661 269 710 311 et
744 261 809 310 ad
845 276 948 309 rem
983 257 1234 324 publicam
1272 257 1540 320 gerendam
1583 255 1704 305 nudi
1738 255 1940 306 veniunt

273 352 424 408 atque
447 342 677 404 inermeS,
701 343 836 391 nulla
867 339 1151 403 cognitione
1175 354 1351 398 rerum,
1377 338 1513 385 nulla
1538 336 1742 385 scientia
1766 337 1937 387 ornati.

275 423 362 474 Sin
389 423 568 487 aliquis
603 422 797 473 excellit
821 437 950 471 unus
978 437 1007 469 e
1042 419 1228 479 multiS,
1250 419 1388 467 effert
1412 434 1482 478 se,
1507 416 1547 466 si
1573 434 1729 466 unum
1752 417 1941 481 aliquid

273 505 445 566 adfert,
480 513 566 554 aut
600 502 831 554 bellicam
856 501 1087 551 virtutem
1121 508 1207 549 aut
1231 516 1377 548 usum
1401 498 1618 562 aliquem
1651 498 1942 561 militarem3

225 600 249 641 5
274 601 404 649 quae
438 602 557 635 sane
592 601 727 634 nunc
762 583 967 648 quidem
999 583 1351 632 obsoleverunt
1368 598 1381 640 ;
1415 589 1500 629 aut
1525 579 1642 629 iuris
1667 580 1942 642 scientiam,

274 683 339 716 ne
373 666 480 717 eius
515 666 721 731 quidem
758 664 971 714 universi
987 681 1002 725 3
1036 679 1154 713 nam
1186 661 1517 726 pontificium,
1549 663 1687 726 quod
1721 671 1794 711 est
1828 679 1943 711 con-

273 747 511 807 iunctum,
551 764 702 797 nemo
737 746 882 796 discit
899 763 913 807 ,·
947 754 1032 794 aut
1068 743 1418 808 eloquentiam,
1459 759 1610 807 quam
1643 743 1695 791 in
1728 745 1943 794 clamore

273 838 323 878 et
358 828 410 878 in
438 830 701 878 verborum
737 843 882 876 cursu
914 826 1127 891 positam
1156 833 1334 890 putant
1350 843 1364 886 3
1400 824 1626 874 omnium
1651 842 1767 875 vero
1792 826 1943 875 bona-

273 927 382 960 rum
413 909 606 970 artium,
633 907 852 972 denique
876 907 1112 957 virtutum
1135 907 1354 972 ipsarum
1379 906 1667 957 societatem
1693 908 1942 971 cognatio-

201 1005 254 1037 10
273 1007 491 1055 nemque
514 1007 618 1040 non
636 999 831 1040 norunt.
905 991 1005 1040 Sed
1020 998 1075 1038 ut
1091 991 1158 1039 ad
1175 991 1392 1039 Graecos
1417 991 1624 1038 referam
1649 990 1936 1050 orationem,
1965 961 2046 1079 :1337

273 1071 456 1137 quibus
473 1089 638 1122 carere
662 1073 759 1126 hoc
783 1071 987 1135 quidem
1006 1071 1058 1120 in
1082 1070 1322 1120 sermonis
1346 1087 1525 1135 genere
1550 1088 1652 1121 non
1677 1088 1942 1136 possumus

273 1170 458 1203 —nam
490 1162 545 1203 ut
576 1152 767 1203 virtutis
794 1169 825 1201 a
857 1151 1048 1211 nostris,
1087 1151 1158 1201 sic
1193 1151 1449 1202 doctrinae
1485 1162 1601 1202 sunt
1635 1154 1700 1202 ab
1736 1153 1831 1202 illis
1866 1170 1944 1202 ex-

269 1237 438 1300 empla
477 1236 954 1299 petenda—septem
992 1232 1143 1283 fuisse
1184 1232 1418 1282 dicuntur
1453 1251 1556 1284 uno
1591 1244 1828 1300 tempore,
1856 1234 1943 1298 qui

273 1315 522 1381 sapientes
562 1325 613 1366 et
659 1317 958 1366 haberentur
997 1324 1048 1364 et
1093 1324 1414 1364 vocarentur:
1452 1315 1504 1363 hi
1541 1332 1717 1365 omnes
1753 1324 1946 1380 praeter

200 1411 250 1454 15
275 1396 531 1447 Milesium
546 1398 741 1447 Thalen
764 1395 1046 1446 civitatibus
1070 1395 1171 1445 suis
1196 1398 1524 1465 praefuerunt.
1599 1397 1726 1459 Quis
1751 1398 1945 1447 doctior

271 1477 462 1528 eisdem
511 1479 820 1544 temporibus
865 1478 960 1528 illis
1009 1486 1094 1527 aut
1134 1477 1275 1527 cuius
1322 1477 1608 1542 eloquentia
1654 1478 1826 1528 litteris
1873 1479 1945 1528 in-

270 1559 501 1610 structior
523 1560 674 1610 fuisse
698 1559 905 1610 traditur
927 1576 1079 1624 quam
1100 1558 1376 1609 Pisistrati?
1410 1559 1496 1623 qui
1521 1559 1707 1624 primus
1729 1559 1942 1610 Homeri

270 1640 424 1692 libros
446 1643 682 1691 confusos
712 1651 861 1692 antea
896 1641 966 1691 sic
998 1640 1303 1705 disposuisse
1327 1639 1520 1703 dicitur,
1548 1650 1602 1690 ut
1634 1659 1769 1691 nunc
1794 1643 1942 1692 habe-

270 1740 395 1774 mus·
491 1725 611 1774 Non
652 1723 743 1773 fuit
790 1723 872 1773 ille
918 1723 1123 1788 quidem
1164 1722 1355 1772 civibus
1404 1722 1504 1772 suis
1552 1722 1697 1784 utilis,
1742 1725 1832 1773 sed
1873 1723 1942 1774 ita

197 1827 250 1858 πο
269 1805 555 1870 eloquentia
586 1802 768 1867 flo‘ruit,
791 1815 845 1855 ut
880 1804 1052 1854 litteris
1087 1804 1415 1868 doctrinaque
1447 1814 1726 1868 praestaret.
1801 1805 1939 1868 Quid
1966 1812 2045 1865 138

270 1886 522 1937 Pericles?
549 1889 615 1937 de
638 1886 779 1936 cuius
803 1886 851 1936 vi
876 1885 1078 1936 dicendi
1103 1885 1174 1934 sic
1205 1884 1508 1949 accepimus,
1531 1894 1602 1947 ut,
1627 1903 1744 1935 cum
1768 1896 1942 1936 contra

269 1970 576 2019 voluntatem
622 1967 1007 2018 Atheniensium
1061 1968 1346 2031 loqueretur
1403 1984 1494 2032 pro
1550 1969 1708 2017 salute
1754 1968 1941 2032 patriae

268 2051 496 2113 severiuS,
519 2059 687 2099 tamen
710 2048 763 2099 id
781 2048 958 2114 ipsum,
981 2049 1119 2112 quod
1143 2047 1225 2097 ille
1243 2056 1417 2097 contra
1440 2047 1691 2112 popularis
1710 2049 1940 2099 homines

267 2131 468 2194 diceret,
494 2132 733 2196 populare
764 2129 998 2179 omnibus
1023 2138 1073 2178 et
1096 2128 1374 2178 iucundum
1398 2128 1645 2179 videretur
1660 2148 1674 2191 3
1710 2131 1850 2181 cuius
1887 2131 1938 2180 in
2016 2150 2021 2151 ⁷

196 2234 244 2277 25
267 2212 415 2262 labris
452 2221 641 2262 veteres
677 2211 874 2272 comici,
910 2211 1059 2260 etiam
1101 2228 1218 2260 cum
1256 2210 1326 2259 illi
1363 2212 1492 2259 male
1527 2210 1749 2260 dicerent
1780 2211 1939 2277 (quod

267 2303 375 2343 tum
400 2292 611 2343 Athenis
644 2292 750 2341 fieri
777 2290 996 2357 licebat),
1028 2292 1250 2355 leporem
1286 2290 1535 2340 habitasse
1570 2291 1800 2342 dixerunt
1836 2303 1939 2342 tan-

267 2386 470 2439 tamque
501 2374 553 2423 in
591 2375 771 2424 eodem
812 2372 912 2422 vim
952 2372 1115 2433 fuisse,
1155 2381 1209 2421 ut
1250 2371 1301 2420 in
1337 2389 1509 2421 eorum
1548 2373 1813 2436 mentibus,
1852 2375 1939 2439 qui

265 2457 534 2517 audissent,
561 2456 703 2521 quasi
725 2457 926 2505 aculeos
951 2456 1197 2519 quosdam
1214 2454 1522 2519 relinqueret.
1595 2459 1664 2505 At
1682 2458 1819 2506 hune
1836 2475 1939 2507 non

266 2540 570 2588 declamator
604 2538 757 2603 aliqui
792 2540 856 2588 ad
892 2538 1200 2601 clepsydram
1240 2538 1413 2586 latrare
1451 2538 1703 2600 docuerat,
1742 2540 1844 2600 sed,
1883 2549 1939 2589 ut

320 2640 375 2680 M
394 2659 430 2674 =
451 2639 589 2680 ΑΕΗ
695 2652 721 2691 5
750 2640 1056 2680 obsoleverunt
1079 2640 1116 2678 L
1136 2639 1251 2690 vulg.
1274 2654 1283 2679 :
1304 2638 1642 2678 absolueruntM
1740 2641 1768 2679 6
1798 2641 1938 2691 ponti-

269 2697 395 2735 ficum
415 2694 580 2735 H1Am
705 2709 733 2746 9
763 2695 1151 2746 cognationemque
1172 2694 1226 2732 H
1240 2707 1340 2734 corr.
1362 2706 1416 2743 32
1438 2709 1448 2734 ι
1478 2693 1868 2745 cogitationemque
1890 2693 1945 2733 M

272 2763 317 2790 11
350 2751 431 2790 hoc
452 2749 529 2790 M:
557 2751 600 2789 in
620 2751 701 2789 hoc
720 2749 758 2788 L
895 2763 944 2789 12
973 2750 1143 2790 virtutis
1165 2747 1202 2786 L
1225 2763 1233 2788 :
1262 2749 1445 2788 virtutes
1464 2748 1518 2787 M
1645 2761 1694 2798 13
1725 2751 1938 2799 petendae

265 2804 444 2843 H²A2m
463 2819 472 2844 :
503 2806 691 2854 petendo
709 2804 883 2844 H¹A¹E
898 2820 906 2844 :
937 2804 1133 2855 exempla
1153 2804 1390 2854 repetenda
1411 2802 1447 2840 L
1470 2803 1581 2856 vulg.
1733 2817 1779 2853 17
1810 2805 1936 2844 tradi-

265 2866 338 2899 tur
355 2872 440 2901 om.
462 2858 516 2897 M
679 2873 729 2910 19
758 2861 815 2899 ita
835 2873 922 2900 om.
944 2858 996 2897 M
1158 2871 1206 2896 21
1240 2860 1280 2897 vi
1303 2859 1473 2897 dicendi
1497 2858 1535 2896 lo
1554 2874 1562 2898 :
1603 2858 1772 2898 dicendi
1799 2860 1841 2898 vi
1863 2873 1907 2898 m
1928 2875 1939 2899 :

266 2914 436 2954 dicendi
456 2915 580 2965 copia
600 2912 637 2952 L
658 2914 768 2966 vulg.
792 2929 801 2954 z
830 2915 1000 2954 dicendi
1022 2913 1076 2952 M
1263 2927 1357 2953 cum
1379 2927 1462 2952 om.
1487 2912 1540 2951 M
1740 2927 1791 2963 24
1822 2915 1936 2954 dice-

266 2975 331 3008 ret
351 2968 388 3006 L
409 2984 418 3008 :
448 2970 621 3008 doceret
644 2968 697 3006 M
820 2982 872 3019 25
900 2969 1020 3008 libris
1040 2967 1136 3007 Mm
1267 2982 1317 3018 27
1349 2982 1402 3007 eo
1423 2967 1459 3005 L
1591 2982 1645 3019 29
1675 2968 1939 3009 declamator

266 3023 317 3063 M
334 3039 343 3063 z
372 3024 573 3063 clamator
593 3022 630 3061 L
652 3023 765 3074 vulg.
933 3023 1060 3072 aliqui
1082 3023 1122 3061 A
1130 3022 1170 3061 E
1185 3037 1194 3062 :
1225 3023 1377 3074 aliquis
1400 3023 1510 3074 vulg.
