2150 3444
124 137 180 187 14
204 131 255 174 61

205 470 260 520 15

205 535 256 575 62

739 127 809 175 M.
847 126 1058 175 TVLLI
1096 126 1478 176 CICERONIS

280 281 381 314 non
407 269 559 317 conor
590 265 839 329 attingere.
914 267 1044 315 Cum
1069 265 1139 314 eis
1169 280 1262 326 me,
1291 272 1344 313 ut
1369 263 1482 325 dixi,
1510 252 1722 328 oblecto,
1749 254 1933 330 quires

276 354 439 409 gestas
463 355 548 395 aut
573 346 818 395 orationes
849 345 1144 409 scripserunt
1177 362 1289 394 suas
1319 353 1403 394 aut
1426 343 1513 408 qui
1545 345 1613 394 ita
1649 347 1931 409 loquuntur,

281 435 336 475 ut
359 425 617 476 videantur
634 427 846 476 voluisse
871 443 978 475 esse
993 425 1151 487 nobis,
1173 424 1259 489 qui
1283 442 1385 475 non
1411 441 1581 474 sumus
1605 425 1931 491 eruditissimi,

280 506 553 556 familiares,
627 508 726 557 Sed
750 507 865 555 illuc
890 508 1068 556 redeo:
1117 505 1372 567 videtisne,
1401 514 1642 570 quantum
1670 521 1850 555 munus
1874 505 1936 555 sit

282 586 484 636 oratoris
509 586 745 636 historia?
804 589 958 636 Haud
995 587 1098 636 scio
1121 603 1185 635 an
1215 586 1419 636 flumine
1447 586 1682 637 orationis
1717 595 1767 636 et
1789 586 1937 636 varie-
1958 602 1981 645 5

281 676 381 717 tate
414 667 716 730 maximum3
765 684 926 732 neque
962 685 1071 718 eam
1107 668 1296 732 reperio
1332 684 1542 732 usquam
1578 666 1839 731 separatim
1867 667 1937 726 in-

282 757 515 798 structam
541 751 790 798 rhetorum
819 749 1091 813 praeceptis
1112 766 1126 810 3
1176 749 1267 798 sita
1303 758 1416 798 sunt
1445 747 1578 799 enim
1602 757 1717 798 ante
1748 749 1932 798 oculos,

283 831 415 879 Nam
441 829 550 893 quis
575 829 732 879 nescit
756 829 965 893 primam
991 846 1098 879 esse
1129 829 1361 880 historiae
1393 832 1567 894 legem,
1595 846 1658 879 ne
1682 828 1805 893 quid
1828 827 1937 879 falsi

282 911 447 960 dicere
492 913 710 960 audeat?
769 910 966 960 Deinde
1013 927 1076 960 ne
1123 910 1244 974 quid
1284 909 1384 960 veri
1431 927 1534 960 non
1580 911 1800 960 audeat?
1858 911 1938 960 Ne

283 1007 410 1054 quae
436 990 650 1054 suspicio
673 990 853 1054 gratiae
879 991 939 1039 sit
963 990 1014 1038 in
1039 990 1342 1041 scribendo?
1394 992 1472 1040 Ne
1490 1007 1616 1054 quae
1638 990 1939 1040 simultatis?
1963 1004 2014 1034 10

209 1071 263 1123 63
287 1073 430 1121 Haec
471 1070 656 1121 scilicet
690 1072 1013 1120 fundamenta
1047 1079 1166 1119 nota
1201 1078 1315 1119 sunt
1350 1071 1595 1131 omnibus,
1633 1070 1740 1134 ipsa
1772 1079 1938 1120 autem

283 1151 622 1201 exaedificatio
646 1151 806 1215 posita
830 1159 903 1200 est
926 1150 977 1199 in
1002 1151 1147 1200 rebus
1173 1159 1221 1200 et
1245 1150 1405 1200 verbis
1425 1171 1434 1200 :
1484 1168 1645 1200 rerum
1668 1151 1792 1200 ratio
1815 1151 1941 1201 ordi-

283 1249 399 1282 nem
436 1240 716 1296 temporum
763 1231 1022 1293 desiderat,
1064 1232 1320 1295 regionum
1368 1231 1749 1296 descriptionem
1766 1249 1781 1294 ς
1836 1233 1941 1282 vult

282 1312 445 1375 etiam,
473 1312 708 1376 quoniam
732 1311 784 1361 in
808 1313 954 1362 rebus
978 1312 1166 1376 magnis
1192 1311 1528 1376 memoriaque
1551 1311 1712 1376 dignis
1736 1311 1942 1362 consilia

281 1393 509 1458 primum,
554 1393 736 1444 deinde
776 1402 898 1454 acta,
938 1401 1111 1457 postea
1146 1401 1349 1443 eventus
1388 1401 1743 1457 exspectentur,
1787 1402 1837 1443 et
1877 1394 1940 1443 de
1965 1407 2014 1449 15

283 1475 500 1525 consiliis
539 1474 799 1538 significari
835 1473 955 1539 quid
992 1473 1196 1538 scriptor
1231 1475 1407 1538 probet
1443 1483 1492 1524 et
1526 1474 1577 1523 in
1612 1465 1760 1524 rebus
1793 1475 1941 1539 gestis

285 1555 521 1606 declarari
545 1572 648 1606 non
682 1557 858 1605 solum*
879 1555 1000 1619 quid
1031 1563 1198 1604 actum
1234 1564 1318 1604 aut
1343 1554 1532 1605 dictum
1565 1554 1640 1617 sit,
1673 1555 1761 1605 sed
1793 1554 1942 1605 etiam

288 1654 388 1700 quo
413 1638 580 1696 modo,
609 1644 657 1685 et
682 1653 796 1685 cum
822 1637 886 1686 de
921 1645 1100 1686 eventu
1129 1635 1332 1697 dicatur,
1360 1645 1415 1686 ut
1440 1653 1616 1686 causae
1641 1635 1944 1700 explicentur

288 1735 462 1767 omnes
487 1719 564 1767 vel
589 1733 730 1766 casus
764 1718 842 1767 vel
875 1716 1142 1780 sapientiae
1172 1719 1249 1767 vel
1274 1716 1558 1767 temeritatis
1584 1716 1944 1781 hominumque

287 1799 508 1862 ipsorum
554 1814 657 1847 non
704 1800 865 1848 solum
903 1814 978 1846 res
1024 1806 1202 1861 gestae,
1242 1799 1330 1847 sed
1377 1797 1538 1859 etiam,
1589 1796 1673 1861 qui
1710 1799 1842 1847 fama
1885 1813 1944 1847 ac
1969 1820 2019 1848 20

214 1883 270 1935 64
290 1880 494 1929 nomine
519 1881 771 1939 excellant,
799 1881 864 1928 de
887 1879 1126 1942 cuiusque
1149 1879 1249 1927 vita
1271 1887 1419 1942 atque
1444 1887 1616 1928 natura
1635 1895 1649 1940 3
1683 1879 1944 1928 verborum

289 1971 456 2010 autem
481 1961 604 2011 ratio
628 1970 677 2010 et
701 1977 856 2024 genus
887 1960 1121 2010 orationis
1150 1962 1313 2009 fusum
1350 1969 1498 2024 atque
1524 1969 1734 2009 tractum
1758 1969 1807 2010 et
1830 1978 1944 2010 cum

287 2042 491 2092 lenitate
529 2043 745 2105 quadam
782 2041 1103 2105 aequabiliter
1149 2043 1397 2105 profluens
1440 2040 1546 2091 sine
1587 2043 1681 2091 hac
1728 2041 1945 2091 iudiciali

289 2122 550 2186 asperitate
575 2131 623 2171 et
648 2122 754 2171 sine
778 2121 1129 2172 sententiarum
1145 2121 1420 2171 forensibus
1446 2120 1628 2171 aculeis
1653 2138 1948 2186 persequen-

289 2204 412 2253 dum
449 2211 535 2252 est.
610 2205 805 2252 Harum
843 2211 917 2252 tot
953 2212 1297 2267 tantarumque
1329 2220 1489 2254 rerum
1529 2203 1772 2252 videtisne
1812 2205 1948 2252 nulla
1973 2221 2019 2263 25

289 2301 398 2335 esse
431 2293 706 2349 praecepta,
740 2301 868 2348 quae
902 2284 954 2333 in
983 2284 1166 2334 artibus
1203 2286 1454 2334 rhetorum
1490 2284 1827 2348 reperiantur?
1885 2286 1947 2333 In

292 2368 471 2416 eodem
495 2365 690 2415 silentio
716 2368 869 2415 multa
893 2365 988 2415 alia
1019 2375 1266 2416 oratorum
1300 2366 1460 2416 officia
1482 2365 1750 2427 iacuerunt,
1778 2367 1949 2415 cohor-

292 2447 514 2506 tationeS‚
543 2456 816 2511 praecepta,
845 2447 1221 2508 consolationeS‚
1248 2446 1515 2509 admonita,
1543 2463 1671 2510 quae
1695 2448 1949 2497 tractanda

294 2537 407 2577 sunt
453 2528 621 2578 omnia
657 2528 987 2588 disertissime,
1033 2530 1120 2579 sed
1157 2531 1322 2579 locum
1361 2545 1506 2578 suum
1542 2527 1594 2577 in
1634 2527 1710 2577 his
1747 2527 1944 2588 artibus,

351 2636 405 2675 M
421 2655 455 2668 =
475 2635 612 2675 AEH
719 2651 738 2676 1
771 2651 903 2678 conor
920 2639 1029 2691 vulg.
1049 2655 1058 2681 :
1090 2653 1218 2690 cogor
1238 2639 1291 2678 M
1459 2652 1485 2689 3
1513 2639 1831 2690 prudentissimi
1852 2638 1948 2679 Mm

296 2703 322 2740 5
352 2692 532 2730 oratoris
551 2692 660 2743 vulg.
680 2706 689 2734 z
721 2692 806 2733 oris
826 2693 868 2730 A
891 2708 901 2732 z
929 2694 1044 2732 horis
1059 2692 1182 2733 H¹E1
1323 2707 1345 2744 7
1375 2694 1436 2734 ita
1452 2694 1547 2734 Mm
1663 2707 1690 2743 9
1719 2707 1858 2744 neque
1872 2723 1882 2734 .
1902 2723 1912 2734 .
1931 2723 1943 2734 .

298 2758 435 2794 neque
467 2746 519 2784 M
711 2759 759 2796 14
787 2748 987 2797 quoniam
1013 2749 1050 2787 L
1079 2762 1196 2789 rem:
1241 2749 1354 2798 quod
1383 2754 1527 2788 tamen
1557 2748 1652 2787 Mm
1863 2761 1948 2787 me·

298 2801 512 2850 moriaque
541 2800 681 2850 dignis
706 2800 741 2838 L
763 2815 851 2843 rece.
875 2817 884 2841 ε
924 2805 1121 2842 memoria
1147 2803 1276 2852 digna
1302 2802 1398 2842 Mm
1620 2813 1668 2852 15
1697 2809 1948 2853 exspectan-

296 2860 365 2892 tur
383 2852 419 2890 L
583 2868 636 2905 23
665 2855 838 2896 leuitate
863 2856 916 2895 M
984 2858 1259 2907 aequabiliter
1279 2857 1351 2897 M:
1383 2856 1562 2908 equabili
1582 2856 1619 2896 L
1640 2870 1728 2896 recc.
1894 2868 1948 2905 24

295 2908 528 2947 forensium
550 2909 587 2946 L
609 2923 696 2949 recc.
843 2922 894 2961 25
925 2911 1009 2951 ulla
1030 2911 1181 2951 maluit
1197 2909 1360 2951 Ellendt
1521 2911 1573 2950 28
1601 2915 1830 2962 praecepta
1849 2921 1949 2949 con-

297 2962 512 3002 solationis
534 2962 586 3001 M
