2150 3444
88 150 155 200 55
173 152 254 201 ²²4
734 141 813 187 M:
843 141 1053 188 TVLLI
1092 139 1474 191 CICERONIS

276 275 533 325 feeit—tot
557 275 702 335 enim,
732 284 785 324 ut
813 275 979 325 audivi
1004 277 1291 325 Scaevolam
1323 275 1500 336 dicere,
1529 285 1644 326 sunt
1666 276 1767 328 veri
1792 277 1931 328 Bruti

276 355 537 405 libri—‘in
576 356 771 406 Tiburti
818 358 941 405 forte
981 356 1267 406 adsedimus
1310 373 1402 420 ego
1443 365 1493 406 et
1532 359 1732 408 Marcus
1772 358 1932 407 filius)

281 441 293 464 ‘
311 437 417 487 Ubi
453 446 567 486 sunt
603 436 655 485 hi
693 435 846 496 fundi,
879 439 1042 495 Brute,
1082 453 1208 500 quos
1246 436 1336 486 tibi
1374 445 1512 500 pater
1548 437 1759 501 publicis
1799 454 1932 487 com-

278 517 526 567 mentariis
573 517 886 581 consignatos
934 517 1167 580 reliquit?
1255 519 1408 579 Quod
1449 517 1543 566 nisi
1585 518 1823 582 puberem
1864 526 1926 578 te,

277 597 450 661 inquit,
490 597 588 647 iam
629 598 844 657 haberet,
884 606 1111 661 quartum
1152 597 1333 646 librum
1381 597 1740 661 composuisset
1785 607 1835 648 et
1875 615 1928 648 se
1950 613 1975 656 5

175 688 250 732 ²25
277 678 424 728 etiam
449 678 500 727 in
526 678 712 728 balneis
737 680 894 727 lotum
919 695 1032 727 cum
1057 678 1159 728 filio
1179 678 1414 741 scriptum
1439 678 1742 742 reliquisset!
1801 679 1927 741 Quis

276 768 350 809 est
380 759 524 823 igitur
553 759 638 823 qui
667 776 770 808 non
799 761 1005 808 fateatur
1029 761 1125 809 hoc
1149 761 1317 822 lepore
1340 768 1489 823 atque
1513 759 1589 808 his
1613 758 1801 809 facetiis
1824 776 1927 809 non

276 840 439 890 minus
463 842 727 890 refutatum
746 857 853 890 esse
874 843 1080 890 Brutum
1101 857 1250 904 quam
1275 840 1369 890 illis
1395 840 1670 905 tragoediis,
1689 858 1812 905 quas
1831 840 1930 905 egit

275 920 422 981 idem,
451 937 565 969 cum
591 937 707 970 casu
732 920 782 968 in
808 922 983 970 eadem
1009 937 1155 969 causa
1180 922 1428 970 efferretur
1450 938 1574 971 anus
1600 920 1757 971 Iunia.
1798 956 1801 957 γ
1832 923 1929 971 Pro

275 1001 327 1050 di
363 1001 676 1060 immortales,
707 1017 834 1064 quae
873 1001 965 1050 fuit
1004 1001 1098 1062 illa,
1129 1011 1314 1065 quanta
1349 1002 1451 1051 vis!
1523 1019 1674 1066 quam
1710 1002 1931 1067 inexspe-
1957 1018 2007 1048 ιο

276 1086 434 1131 ctata!
470 1099 621 1146 quam
645 1081 901 1145 repentina
924 1085 933 1130 1
970 1098 1085 1131 cum
1110 1081 1346 1131 coniectis
1371 1082 1541 1142 oculis,
1559 1092 1698 1147 gestu
1722 1083 1861 1134 omni
1883 1083 1930 1134 ei

275 1161 567 1222 imminenti,
595 1177 789 1211 summa
812 1161 1045 1226 gravitate
1078 1171 1127 1211 et
1156 1161 1404 1212 celeritate
1435 1164 1698 1213 verborum
1733 1166 1928 1225 ‘Brute,

275 1239 397 1303 quid
439 1241 622 1289 sedes?
692 1239 829 1302 Quid
870 1239 1004 1288 illam
1050 1256 1202 1289 anum
1248 1239 1375 1303 patri
1421 1239 1648 1290 nuntiare
1687 1239 1760 1291 vis
1806 1243 1932 1291 tuo?

276 1319 413 1381 Quid
454 1319 547 1369 illis
589 1319 835 1379 omnibuS,
875 1335 1087 1383 quorum
1130 1319 1368 1384 imagines
1403 1319 1520 1369 duci
1549 1320 1724 1371 vides?
1792 1321 1930 1384 Quid
1957 1322 1960 1325 ⁴

274 1400 540 1450 maioribus
566 1401 702 1450 tuis?
773 1400 908 1463 Quid
935 1402 989 1449 L.
1019 1403 1186 1461 Bruto,
1214 1400 1299 1464 qui
1335 1403 1469 1450 hunc
1499 1404 1741 1466 populum
1773 1402 1930 1452 domi·
1955 1420 2004 1465 15

272 1491 391 1532 natu
416 1482 549 1546 regio
574 1482 835 1532 liberavit?
905 1481 1041 1544 Quid
1067 1491 1115 1531 te
1139 1484 1318 1545 agere?
1389 1482 1485 1533 Cui
1509 1482 1591 1543 rei,
1618 1482 1699 1533 cui
1729 1483 1925 1547 gloriae,

270 1563 352 1612 cui
387 1563 552 1613 virtuti
587 1565 823 1614 studere?
856 1600 858 1602 .
893 1562 1263 1613 Patrimonione
1299 1564 1570 1626 augendo?
1637 1566 1705 1614 At
1738 1564 1791 1614 id
1825 1582 1930 1615 non

175 1654 249 1696 226
272 1653 346 1694 est
370 1644 652 1694 nobilitatis.
715 1645 814 1694 Sed
838 1646 915 1693 fac
934 1660 1055 1704 esse,
1074 1643 1198 1693 nihil
1222 1652 1443 1708 superest
1463 1662 1478 1706 ;
1512 1643 1744 1695 libidines
1767 1653 1928 1696 totum

272 1725 644 1790 dissipaverunt.
718 1728 800 1774 An
829 1725 920 1774 iuri
954 1725 1124 1774 civili?
1194 1727 1284 1774 Est
1315 1734 1589 1790 paternum.
1662 1727 1762 1776 Sed
1797 1726 1929 1777 dicet

273 1816 335 1868 te,
363 1824 477 1856 cum
500 1807 637 1857 aedis
663 1808 914 1867 venderes,
942 1824 1006 1856 ne
1030 1807 1081 1855 in
1111 1806 1229 1856 rutis
1254 1806 1458 1870 quidem
1487 1816 1536 1856 et
1565 1807 1719 1857 eaesis
1747 1807 1927 1857 solium
1951 1828 2004 1857 20

273 1887 363 1944 tibi
385 1896 645 1951 paternum
675 1887 930 1951 recepisse.
1004 1890 1085 1936 An
1118 1887 1187 1936 rei
1217 1887 1449 1936 militari?
1519 1887 1620 1950 Qui
1654 1905 1928 1953 numquam

273 1977 431 2018 castra
464 1968 675 2018 videris!
746 1970 826 2016 An
869 1967 1221 2031 eloquentiae?
1291 1969 1435 2030 Quae
1468 1984 1633 2032 neque
1666 1977 1742 2018 est
1775 1969 1827 2018 in
1861 1978 1924 2030 te,

274 2058 336 2109 et,
355 2048 591 2113 quicquid
611 2057 683 2098 est
703 2048 836 2098 vocis
856 2065 914 2097 ac
939 2048 1148 2112 linguae,
1167 2065 1317 2099 omne
1341 2048 1392 2097 in
1416 2048 1566 2098 istum
1590 2049 1927 2113 turpissimum

272 2129 547 2180 calumniae
566 2137 825 2192 quaestum
851 2128 1101 2178 contulisti
1124 2133 1134 2178 !
1204 2131 1284 2178 Tu
1308 2131 1471 2178 lucem
1494 2128 1712 2193 aspicere
1735 2132 1889 2180 audes
1903 2133 1927 2180 P

272 2215 351 2260 Tu
376 2213 467 2261 hos
491 2210 708 2260 intueri?
777 2212 857 2259 Tu
881 2210 932 2258 in
957 2211 1077 2270 foro,
1101 2207 1175 2276 [tu
1199 2210 1251 2259 in
1275 2208 1434 2276 urbe,]
1460 2218 1513 2260 tu
1536 2210 1587 2259 in
1612 2210 1793 2260 civium
1816 2228 1924 2262 esse
1946 2233 1997 2275 25

273 2294 580 2355 conspectu?
649 2294 729 2340 Tu
755 2290 887 2340 illam
914 2299 1173 2351 mortuam,
1201 2300 1254 2339 tu
1280 2290 1517 2354 imagines
1541 2290 1671 2355 ipsas
1695 2309 1798 2342 non
1820 2309 1926 2356 per·
2073 2286 2075 2289 ’

271 2373 547 2424 horrescis?
605 2373 801 2435 Quibus
826 2390 928 2422 non
949 2373 1101 2422 modo
1120 2372 1385 2433 imitandiS‚
1405 2374 1494 2423 sed
1517 2390 1581 2423 ne
1605 2374 1925 2426 conlocandis

325 2502 378 2542 M
395 2522 430 2537 =
452 2501 588 2542 ΑΕΗ
726 2515 751 2552 3
779 2501 821 2540 hi
844 2501 974 2540 AEm
993 2517 1001 2540 z
1034 2502 1062 2540 ii
1085 2501 1138 2541 H
1154 2502 1263 2554 vulg.
1380 2516 1405 2552 4
1428 2502 1734 2553 consignatoA
1843 2514 1868 2553 5
1887 2503 1922 2543 si

269 2556 324 2596 M
445 2560 471 2596 6
490 2558 621 2597 lotum
641 2556 778 2607 vulg:
811 2556 949 2595 locum
969 2554 1044 2595 M:
1073 2556 1259 2596 locutum
1279 2556 1317 2596 L
1427 2570 1454 2607 9
1474 2557 1655 2597 ferretur
1671 2555 1744 2596 M:
1775 2557 1924 2597 funere

270 2612 451 2651 ferretur
470 2611 507 2649 L
730 2623 773 2649 11
808 2611 928 2650 iectis
957 2608 1012 2648 M
1217 2611 1258 2650 ei
1286 2610 1462 2650 Piderit:
1521 2617 1564 2651 et
1590 2610 1662 2651 M:
1704 2618 1748 2651 et
1776 2625 1859 2650 om.
1885 2611 1923 2651 L

274 2679 322 2716 14
350 2667 451 2715 quid
482 2666 574 2705 mai.
600 2663 674 2703 M:
703 2665 804 2714 quid
826 2677 911 2704 om.
937 2663 974 2701 L
1143 2677 1193 2714 19
1225 2665 1305 2703 iuri
1325 2664 1436 2716 vulg.
1461 2680 1470 2704 :
1500 2665 1590 2704 iure
1608 2664 1679 2705 M:
1711 2665 1754 2704 in
1775 2666 1866 2704 iure
1885 2665 1922 2705 L

270 2733 324 2759 20
353 2721 486 2770 rupiis
507 2750 517 2759 .
545 2750 554 2760 .
582 2750 592 2759 .
618 2719 753 2758 caesis
774 2717 826 2756 M
844 2732 853 2759 ε
890 2719 983 2757 ‘vix
1004 2718 1112 2758 ullus
1133 2719 1240 2758 liber
1258 2725 1386 2758 notus
1406 2725 1472 2758 est
1490 2718 1563 2768 qui
1579 2720 1684 2759 haec
1699 2721 1924 2760 emendata

269 2774 428 2824 scripta
440 2775 599 2813 habent
612 2772 621 2788 ’
635 2772 811 2812 Ellendt.
864 2771 916 2810 In
930 2773 1051 2811 altero
1060 2785 1218 2823 quoque
1235 2772 1349 2811 verbo
1369 2772 1552 2811 multum
1572 2773 1795 2812 turbantur
1803 2773 1917 2813 codd.

268 2828 361 2867 dett.
477 2842 525 2867 21
559 2827 774 2877 recepisse
803 2826 866 2867 L:
898 2825 1123 2876 reliquisse
1142 2824 1195 2864 M
1300 2826 1472 2866 militari
1492 2826 1529 2865 L
1549 2827 1660 2878 vulg.
1683 2841 1692 2865 :
1725 2826 1920 2867 militaris

269 2879 320 2919 M
335 2897 344 2921 z
391 2881 561 2921 militari
582 2882 646 2921 2is
663 2879 864 2920 Fm‘edn'clz
1101 2893 1154 2919 22
1184 2892 1322 2930 neque
1340 2879 1414 2920 M:
1445 2879 1559 2924 nulla
1579 2880 1616 2919 L
1636 2895 1646 2921 ε
1675 2893 1816 2930 neque
1835 2880 1922 2919 ulla

269 2935 393 2974 Klotz
573 2946 625 2984 25
654 2935 697 2972 in
731 2934 820 2972 foro
840 2940 885 2973 tu
906 2934 950 2972 in
971 2934 1076 2972 urbe
1096 2939 1140 2972 tu
1162 2947 1245 2974 om.
1269 2932 1322 2971 M
1508 2946 1558 2983 27
1588 2947 1643 2974 ne
1661 2933 1915 2975 collocandis

270 2990 440 3040 quidem
461 2989 496 3027 L
517 2988 628 3040 vulg.
651 3001 659 3026 :
691 3000 745 3027 ne
767 2987 1077 3037 coniungendis
1099 2986 1153 3025 M
