2150 3444
113 139 182 189 50
203 147 285 188 204
761 131 830 178 M.
870 130 1081 178 TVLLI
1118 129 1500 179 CICERONIS

298 267 548 328 solemus;
594 266 765 317 docuit
799 265 931 315 enim
967 265 1064 314 iam
1100 279 1191 314 nos
1224 267 1372 329 longa
1405 264 1504 315 vita
1538 281 1754 330 ususque
1790 284 1953 321 rerum

300 346 633 409 maximarum,
672 355 726 397 ut
760 346 939 410 quibus
980 346 1126 395 rebus
1160 345 1314 395 animi
1347 345 1607 395 hominum
1642 357 1953 399 moverentur

299 436 589 478 teneremus.
663 427 910 492 Equidem
934 426 1147 491 primurn
1165 426 1476 476 considerare
1500 429 1650 489 soleo,
1671 430 1953 491 postuletne

298 526 445 559 causa
461 528 475 570 3
532 526 647 558 nam
688 525 851 573 neque
886 507 1044 572 parvis
1080 507 1131 556 in
1167 508 1313 557 rebus
1348 507 1662 557 adhibendae
1702 518 1816 558 sunt
1856 511 1951 560 hae

295 589 494 641 dicendi
531 593 662 640 faces
703 606 864 654 neque
905 589 971 639 ita
1009 588 1236 638 animatis
1277 588 1575 648 hominibus,
1625 598 1679 638 ut
1719 589 1840 638 nihil
1885 591 1950 639 ad
1973 603 1997 646 5

295 686 466 720 eorum
504 670 682 720 mentis
723 670 943 720 oratione
990 671 1257 719 flectendas
1295 671 1532 733 proficere
1578 669 1836 733 possimus,
1885 686 1950 720 ne

295 759 380 800 aut
415 751 648 800 inrisione
693 760 777 800 aut
824 750 941 800 odio
988 750 1123 813 digni
1168 759 1409 814 putemur,
1460 749 1500 798 si
1547 758 1631 798 aut
1677 749 1950 814 tragoedias

294 846 496 894 agamus
534 831 586 879 in
622 831 763 893 nugis
801 840 886 880 aut
925 832 1200 880 convellere
1245 830 1524 879 adoriamur
1561 847 1631 891 ea,
1673 846 1800 893 quae
1844 847 1948 886 non

196 918 275 961 206
295 910 485 973 possint
516 910 830 961 commoveri.
905 912 1013 959 Iam
1042 910 1278 972 quoniam
1307 913 1430 960 haec
1461 912 1562 960 fere
1593 910 1805 960 maxime
1833 921 1948 967 sunt

295 989 346 1038 in
389 990 608 1039 iudicum
653 989 830 1039 animis
868 999 964 1050 aut,
1007 990 1306 1053 quicumque
1344 990 1413 1038 illi
1454 999 1608 1051 erunt,
1649 992 1783 1055 apud
1820 1008 1946 1055 quos
1972 1008 2022 1039 10

292 1087 507 1134 agemus,
542 1071 761 1120 oratione
793 1071 1057 1132 molienda,
1083 1087 1222 1119 amor
1257 1070 1428 1120 odium
1459 1071 1725 1131 iracundia,
1742 1130 1745 1133 Α
1763 1071 1947 1123 invidia

293 1150 636 1213 misericordia,
659 1168 769 1216 spes
792 1151 988 1211 laetitia,
1012 1151 1159 1200 timor
1182 1151 1407 1201 molestia
1427 1170 1436 1201 :
1472 1152 1711 1201 sentimus
1725 1169 1946 1206 amorem

291 1232 553 1294 conciliari,
597 1233 638 1282 si
673 1233 726 1283 id
764 1233 868 1282 iure
904 1232 1170 1294 videamur,
1211 1234 1349 1296 quod
1389 1232 1452 1281 sit
1486 1232 1605 1282 utile
1639 1232 1770 1296 ipsis,
1806 1235 1948 1297 apud

290 1329 415 1377 quos
439 1330 655 1377 agamus,
683 1314 961 1375 defendere,
988 1322 1073 1362 aut
1098 1312 1138 1362 si
1173 1330 1262 1377 pro
1286 1312 1432 1362 bonis
1455 1312 1568 1362 viris
1591 1321 1677 1363 aut
1700 1322 1831 1365 certe
1853 1330 1945 1379 pro

290 1393 373 1454 eiS,
412 1394 497 1459 qui
531 1394 624 1444 illis
654 1394 774 1445 boni
806 1403 955 1458 atque
986 1394 1130 1444 utiles
1159 1393 1269 1454 sint,
1307 1394 1541 1454 laborare,
1573 1410 1790 1458 namque
1819 1395 1944 1445 haec
1967 1409 2018 1454 15

289 1492 364 1525 res
388 1492 606 1526 amorem
631 1475 785 1540 magis
817 1475 1057 1535 conciliat,
1085 1475 1168 1524 illa
1195 1474 1384 1524 virtutis
1415 1474 1639 1524 defensio
1663 1474 1913 1530 caritatem
1928 1492 1945 1538 3
1982 1469 1986 1472 ’

288 1558 498 1621 plusque
532 1557 738 1622 proficit,
767 1556 807 1606 si
838 1555 1129 1620 proponitur
1163 1572 1276 1619 spes
1311 1554 1533 1604 utilitatis
1568 1557 1759 1607 futurae
1793 1573 1943 1621 quam

187 1652 263 1697 207
286 1638 530 1702 praeteriti
605 1638 815 1688 benefici
870 1636 1289 1692 commemoratio,
1376 1636 1683 1689 Enitendum
1745 1647 1819 1688 est
1888 1646 1944 1689 ut

288 1721 520 1768 ostendas
558 1719 609 1768 in
637 1736 696 1770 ea
731 1736 795 1779 re,
831 1736 981 1783 quam
1009 1720 1262 1780 defendam,
1297 1727 1382 1767 aut
1414 1717 1703 1782 dignitatem
1727 1734 1835 1770 esse
1857 1727 1943 1772 aut

285 1798 559 1860 utilitatem,
595 1815 823 1864 eumque,
858 1799 939 1848 cui
977 1799 1210 1849 concilies
1249 1801 1383 1848 hunc
1423 1816 1657 1861 amorem,
1697 1798 1940 1863 significes
1965 1817 2017 1847 20

287 1879 408 1928 nihil
442 1881 507 1931 ad
541 1880 801 1929 utilitatem
837 1897 976 1930 suam
1012 1879 1253 1930 rettulisse
1284 1897 1346 1930 ac
1380 1879 1503 1929 nihil
1534 1879 1739 1932 omnino
1766 1879 1940 1933 fecisse

286 1976 435 2010 causa
471 1977 558 2011 sua
574 1979 588 2022 3
635 1961 880 2011 invidetur
916 1960 1048 2010 enim
1086 1961 1363 2011 commodis
1404 1960 1663 2010 hominurn
1702 1960 1937 2027 ipsorum,

183 2048 262 2088 208
285 2040 459 2090 studiis
490 2050 656 2091 autem
685 2058 855 2090 eorum
891 2041 1063 2092 ceteris
1098 2040 1452 2092 commodandi
1486 2043 1684 2092 favetur.
1756 2040 1940 2091 Viden-

285 2123 505 2185 dumque
529 2123 626 2171 hoc
654 2123 766 2171 loco
795 2130 869 2171 est
900 2138 977 2182 ne,
1005 2138 1130 2185 quos
1163 2122 1229 2172 ob
1260 2122 1517 2171 benefacta
1539 2121 1675 2185 diligi
1697 2123 1934 2181 volemus,

285 2218 455 2251 eorum
496 2203 693 2252 laudem
730 2211 880 2266 atque
916 2202 1133 2266 gloriam,
1174 2202 1255 2252 cui
1296 2202 1507 2251 maxime
1543 2201 1751 2251 invideri
1793 2203 1934 2262 solet,
1961 2220 2010 2263 2⁵

285 2281 621 2332 nimisefferre
644 2282 930 2344 videamur3
963 2292 1112 2346 atque
1130 2282 1318 2333 eisdem
1342 2282 1417 2331 his
1441 2299 1502 2331 ex
1523 2281 1645 2331 locis
1669 2290 1718 2330 et
1740 2280 1793 2330 in
1814 2281 1938 2339 alios

283 2363 456 2412 odium
497 2372 681 2414 struere
715 2364 962 2414 discemus
1004 2373 1052 2414 et
1089 2381 1119 2413 a
1159 2364 1303 2413 nobis
1337 2381 1396 2413 ac
1431 2362 1608 2413 nostris
1643 2364 1937 2426 demovere3

283 2445 559 2507 eademque
605 2446 728 2494 haec
773 2462 953 2509 genera
996 2453 1116 2496 sunt
1160 2446 1414 2494 tractanda
1459 2444 1511 2492 in
1561 2442 1814 2494 iracundia
1858 2444 1937 2500 vel

284 2524 542 2575 excitanda
582 2527 659 2575 vel
696 2528 949 2588 sedanda3
997 2543 1113 2575 nam
1155 2526 1208 2585 si,
1247 2527 1384 2589 quod
1421 2524 1552 2589 ipsis,
1591 2523 1676 2588 qui
1710 2523 1933 2587 audiunt,

222 392 278 443 51

197 468 274 510 205

207 2688 212 2692 ,
338 2651 391 2691 Μ
408 2672 443 2686 =
465 2652 601 2693 ΑΕΗ
760 2667 786 2704 3
815 2654 1091 2705 postulentne
1121 2666 1290 2694 causam
1318 2652 1373 2691 M
1475 2665 1501 2701 4
1529 2664 1626 2692 nam
1646 2664 1728 2692 om.
1743 2649 1804 2689 M
1813 2666 1817 2668 “
1902 2651 1936 2691 6
1998 2670 2007 2677 ν

283 2720 505 2756 possemus
523 2707 576 2745 M
715 2721 743 2757 9
772 2709 860 2748 Iam
880 2707 1073 2759 Madvig:
1105 2708 1214 2748 Nam
1235 2707 1344 2747 codd.
1500 2719 1549 2756 13
1578 2706 1620 2745 id
1641 2706 1731 2745 iure
1751 2705 1828 2757 Lg.
1850 2706 1934 2755 36:

283 2761 326 2800 id
346 2762 388 2799 in
411 2775 457 2800 re
476 2761 529 2800 M
540 2777 548 2800 :
579 2763 621 2801 id
650 2761 759 2801 velle
778 2763 855 2814 Lg.
879 2775 930 2813 32
958 2763 1095 2814 vulg:
1127 2762 1170 2801 id
1196 2762 1232 2800 L
1375 2760 1591 2800 videamur
1609 2759 1690 2810 Lg.
1712 2772 1788 2809 32:
1818 2759 1933 2798 vide·

283 2827 400 2854 amus
427 2814 502 2856 M:
544 2817 716 2861 videare
737 2816 773 2855 L
914 2829 963 2866 14
982 2827 1156 2865 agamus
1172 2814 1399 2859 Friedn'ch:
1428 2826 1530 2864 agas
1555 2813 1668 2853 codd.
1781 2839 1785 2841 -
1804 2818 1877 2852 aut
1892 2812 1932 2852 si

282 2868 421 2908 Bake:
451 2871 486 2908 si
507 2875 579 2909 aut
599 2870 708 2910 codd.
854 2883 902 2920 15
931 2870 1059 2910 bonis
1082 2868 1136 2907 M
1296 2870 1346 2907 16
1374 2868 1537 2908 defensi
1557 2865 1608 2904 M
1756 2878 1804 2916 17
1833 2877 1932 2916 pro·-

283 2923 457 2971 ponitur
474 2923 511 2961 L
530 2939 538 2964 :
569 2930 751 2974 ponetur
770 2922 820 2961 M
975 2937 1024 2974 19
1054 2924 1198 2962 inesse
1219 2922 1256 2961 L
1276 2923 1387 2974 vulg.
1582 2933 1636 2960 20
1664 2920 1864 2959 maiorem
1882 2917 1936 2957 M

281 2988 334 3027 23
363 2982 456 3019 cete
477 3007 487 3018 .
510 3007 519 3017 .
544 2978 744 3017 modandi
764 2976 816 3015 M
833 2978 950 3030 (cum
970 2981 1072 3028 spat.
1096 2989 1179 3016 vac.
1202 2975 1269 3028 H)
