2150 3444
167 171 236 207 20
258 176 307 219 74

245 790 292 833 75

237 1667 287 1720 76

235 2161 284 2206 77

224 2510 280 2546 21

231 2576 278 2625 78

783 159 853 206 M.
893 158 1102 206 TVLLI
1140 158 1522 208 CICERONIS

323 292 474 362 [ipse]
506 294 704 344 forsitan
737 294 876 344 vobis
912 295 1090 355 videar,
1123 295 1425 356 detulissem,
1459 312 1561 344 non
1596 295 1782 360 possim
1815 296 1980 348 dicere

321 393 401 426 me
425 378 564 438 haec,
583 393 709 441 quae
734 393 867 425 nunc
891 377 1205 440 complector,
1232 376 1449 440 perinde,
1477 385 1531 424 ut
1554 375 1718 426 dicam
1741 376 1979 427 discenda

319 474 439 517 esse,
467 457 728 517 didicisse,
773 457 956 520 quippe
988 456 1073 520 qui
1105 456 1329 506 omnium
1364 456 1645 506 maturrime
1667 458 1732 506 ad
1755 457 1979 522 publicas

317 554 490 586 causas
523 537 811 587 accesserim
846 554 1103 601 annosque
1138 546 1283 586 natus
1317 553 1473 585 unum
1509 546 1557 586 et
1585 536 1755 601 viginti
1782 538 1980 588 nobilis-

318 617 498 666 simum
523 617 776 666 hominem
812 626 862 667 et
897 617 1353 681 eloquentissimum
1386 617 1437 666 in
1469 617 1706 667 iudicium
1730 617 1945 668 vocarim
1963 631 2024 680 35

318 697 398 745 cui
422 698 681 761 disciplina
704 698 847 747 fuerit
871 700 1048 759 forum,
1067 698 1294 762 magister
1318 714 1434 747 usus
1458 707 1507 747 et
1531 700 1662 761 leges
1686 707 1735 748 et
1758 697 1980 748 instituta

317 778 487 841 populi
513 778 729 827 Romani
765 795 972 841 mosque
1008 772 1260 828 maiorum.
1336 781 1543 827 Paulum
1577 778 1745 828 sitiens
1776 778 1978 830 istarum

314 857 508 919 artium,
550 860 615 907 de
651 857 831 921 quibus
868 860 1060 921 loquor,
1100 858 1304 922 gustavi,
1346 868 1574 921 quaestor
1614 858 1666 907 in
1703 858 1823 908 Asia
1861 876 1978 909 cum

314 954 487 997 essem,
514 940 771 1001 aequalem
804 940 904 986 fere
932 955 1100 987 meum
1136 955 1194 987 ex
1218 938 1490 987 Academia
1517 940 1762 988 rhetorem
1785 948 1977 1002 nactuS,

316 1015 657 1066 Metrodorum
693 1016 846 1076 illum,
884 1019 948 1066 de
988 1017 1128 1066 cuius
1169 1018 1406 1066 memoria
1440 1018 1843 1068 commemoravit
1876 1021 1977 1068 An·
2002 1034 2052 1065 ιο

312 1097 512 1157 tonius;
564 1105 613 1145 et
647 1097 765 1146 inde
801 1099 1050 1147 decedens
1086 1097 1312 1158 AtheniS,
1348 1097 1435 1147 ubi
1470 1114 1563 1161 ego
1597 1097 1780 1148 diutius
1816 1115 1976 1150 essem

313 1187 547 1238 moratus,
580 1176 676 1226 nisi
710 1177 1115 1238 Atheniensibus,
1151 1180 1287 1241 quod
1329 1177 1556 1240 mysteria
1589 1194 1692 1227 non
1726 1179 1971 1239 referrent,

310 1260 375 1307 ad
408 1274 534 1321 quae
566 1257 721 1307 biduo
757 1257 908 1307 serius
933 1275 1175 1318 veneram,
1204 1258 1620 1319 suscensuissem;
1666 1275 1765 1322 qua
1787 1276 1839 1309 re
1861 1261 1976 1322 hoc,

311 1340 448 1401 quod
484 1339 786 1401 complector
820 1347 1008 1387 tantam
1044 1338 1299 1387 scientiam
1333 1339 1533 1402 vimque
1567 1339 1833 1400 doctrinae,
1870 1356 1974 1390 non

310 1420 463 1468 modo
503 1435 606 1467 non
645 1435 735 1482 pro
773 1435 870 1479 me,
906 1421 994 1469 sed
1031 1428 1201 1468 contra
1241 1436 1322 1468 me
1359 1428 1432 1468 est
1468 1419 1803 1483 potius—non
1838 1420 1971 1470 enim
1998 1435 2046 1480 15

309 1499 431 1562 quid
455 1515 563 1562 ego,
587 1501 676 1549 sed
701 1499 822 1562 quid
853 1508 1015 1549 orator
1045 1500 1200 1564 possit
1235 1499 1651 1565 disputo—atque
1679 1502 1772 1550 hos
1795 1500 1969 1560 omnis,

310 1579 395 1642 qui
430 1579 544 1628 artis
580 1580 845 1629 rhetoricas
879 1590 1155 1644 exponunt,
1190 1581 1542 1645 perridiculos;
1588 1581 1808 1631 scribunt
1841 1581 1973 1631 enim

310 1661 375 1708 de
410 1659 569 1708 litium
604 1677 781 1724 genere
817 1670 865 1710 et
900 1663 964 1711 de
999 1661 1248 1726 principiis
1283 1671 1332 1711 et
1367 1663 1431 1711 de
1465 1662 1854 1723 narrationibu33
1892 1662 1975 1712 illa

309 1739 381 1788 vis
406 1749 571 1789 autem
596 1741 905 1804 eloquentiae
930 1751 1065 1791 tanta
1089 1752 1175 1803 est,
1202 1752 1256 1791 ut
1281 1742 1503 1792 omnium
1527 1760 1705 1805 rerum,
1722 1742 1972 1805 virtutum,

308 1820 581 1869 officiorum
617 1821 876 1885 omnisque
911 1831 1126 1883 naturae,
1170 1840 1297 1886 quae
1333 1840 1493 1873 mores
1533 1824 1809 1886 hominum,
1844 1841 1971 1888 quae
1997 1839 2048 1869 20

307 1900 517 1962 animos,
549 1917 676 1964 quae
708 1901 857 1950 vitam
893 1902 1125 1964 continet,
1154 1903 1405 1967 originem,
1439 1904 1539 1954 vim
1574 1905 1971 1970 mutationesque

307 1988 488 2042 teneat,
530 1983 705 2031 eadem
742 1998 918 2043 mores,
955 1984 1100 2046 leges,
1144 1983 1248 2032 iura
1282 1985 1544 2046 describat,
1579 2003 1681 2036 rem
1720 1985 1970 2050 publicam

305 2070 456 2123 regat,
497 2061 775 2124 omniaque,
815 2064 879 2112 ad
918 2079 1283 2128 quamcumque
1323 2082 1426 2114 rem
1471 2065 1758 2130 pertineant,
1799 2075 1970 2116 ornate

306 2140 606 2206 copioseque
652 2141 795 2191 dicat.
870 2144 931 2190 In
972 2160 1073 2206 quo
1118 2161 1295 2208 genere
1341 2162 1432 2195 nos
1479 2146 1681 2210 quidem
1721 2163 1970 2196 versamur

305 2230 497 2269 tantum
551 2231 791 2285 quantum
845 2240 1125 2287 possumus,
1171 2234 1412 2289 quantum
1461 2226 1675 2290 ingenio,
1726 2236 1968 2291 quantum
1992 2243 2041 2284 ²5

305 2301 541 2351 mediocri
588 2302 827 2363 doctrina,
866 2313 1106 2367 quantum
1153 2322 1246 2355 usu
1292 2308 1546 2367 valemu83
1597 2324 1761 2371 neque
1801 2316 1968 2358 tamen

302 2381 423 2443 istis,
447 2382 532 2446 qui
562 2382 613 2431 in
647 2400 747 2432 una
781 2384 1094 2449 philosophia
1129 2386 1269 2450 quasi
1304 2387 1674 2437 tabernaculum
1697 2387 1826 2438 vitae
1849 2405 1967 2439 suae

303 2464 636 2523 conlocarunt,
687 2466 897 2513 multum
956 2482 1073 2515 sane
1131 2466 1183 2515 in
1240 2467 1571 2531 disputatione
1628 2468 1962 2520 concedimus.

304 2541 440 2603 Quid
465 2543 597 2592 enim
627 2561 765 2593 meus
797 2545 1045 2594 familiaris
1071 2548 1126 2597 C.
1153 2547 1371 2597 Velleius
1395 2550 1583 2598 adferre
1611 2558 1790 2612 potest,
1814 2565 1964 2613 quam

301 2622 366 2670 ob
422 2640 525 2672 rem
576 2627 800 2688 voluptas
853 2625 914 2675 sit
966 2643 1215 2676 summum
1266 2629 1473 2690 bonum,
1523 2630 1661 2693 quod
1711 2646 1804 2694 ego
1859 2646 1963 2679 non
1988 2643 2039 2684 30

300 2703 547 2765 copiosius
587 2704 772 2768 possim
808 2708 885 2754 vel
933 2707 1089 2766 tutari,
1128 2707 1169 2756 si
1203 2707 1367 2769 velim,
1402 2710 1479 2758 vel
1516 2710 1732 2759 refellere
1768 2726 1829 2759 ex
1867 2709 1961 2760 illis

357 2843 374 2868 1
407 2831 499 2879 ipse
529 2830 751 2871 damnavit
781 2832 946 2872 Ernesti
1164 2847 1217 2874 22
1246 2847 1387 2876 mores
1417 2835 1558 2876 codd.:
1606 2848 1768 2876 morem
1806 2834 1959 2877 Scha‘tz

297 2883 510 2976 {lffiribat
549 2884 687 2925 codd.:
737 2886 938 2926 discribat
970 2887 1172 2928 Friedn‘ch
1264 2939 1266 2943 ι
1460 2903 1515 2941 29
1542 2890 1590 2931 C.
1620 2890 1761 2943 vulg.:
1810 2890 1958 2931 Gallus
