2150 3444
140 139 208 187 26
232 157 308 199 103
787 141 856 188 M.
895 141 1105 189 TVLLI
1142 141 1523 191 CICERONIS

326 285 599 341 praecepta,
638 294 766 341 quae
806 279 996 338 dantur,
1035 277 1140 327 eius
1181 277 1318 328 modi
1359 288 1488 340 sunt,
1525 287 1580 329 ut
1616 297 1676 331 ea
1711 280 1871 346 quivis
1905 285 1988 334 vel

326 357 667 407 vitiosissimus
701 368 862 408 orator
896 358 1137 423 explicare
1170 359 1327 423 possit
1342 378 1356 421 3
1397 377 1496 424 qua
1529 378 1597 423 re,
1626 371 1680 412 ut
1713 372 1828 414 ante
1862 364 1977 425 dixi,

325 439 539 503 primum
563 440 683 489 silva
703 457 865 491 rerum
892 438 969 506 [ac
997 439 1369 507 sententiarum]
1404 445 1737 505 comparanda
1767 453 1855 505 est,
1881 461 1981 509 qua

325 521 389 569 de
413 529 549 584 parte
573 520 694 570 dixit
716 521 995 582 Antonius,
1031 523 1154 571 haec
1178 523 1438 571 formanda
1469 523 1553 574 filo
1585 522 1694 586 ipso
1725 533 1775 573 et
1801 539 1980 589 genere

326 600 572 660 orationis,
599 601 938 651 inluminanda
961 602 1134 661 verbis,
1161 602 1394 652 varianda
1418 603 1686 654 sententiis.
2003 626 2026 667 5

225 694 302 735 104
392 682 596 730 Summa
617 690 783 731 autern
806 685 911 731 laus
935 682 1245 746 eloquentiae
1269 692 1342 732 est
1359 683 1657 748 amplificare
1680 701 1784 735 rem
1807 701 1980 738 ornane

325 763 405 822 do,
425 764 561 826 quod
578 764 706 812 valet
724 779 826 811 non
850 765 1010 812 solum
1032 765 1098 813 ad
1120 767 1402 827 augendum
1426 764 1612 829 aliquid
1637 774 1685 815 et
1703 767 1979 819 tollendum

324 842 467 890 altius
502 842 730 903 dicendo,
769 845 857 892 sed
891 843 1039 892 etiam
1075 846 1141 894 ad
1175 847 1542 898 extenuandum
1582 855 1731 910 atque
1767 846 1979 897 abicien-

238 929 300 978 27
324 925 457 972 dum.
532 925 593 972 Id
629 923 931 973 desideratur
965 924 1196 974 omnibus
1231 925 1301 974 eis
1329 925 1381 975 in
1412 926 1546 986 locis,
1574 943 1698 990 quos
1730 929 1794 978 ad
1826 929 1977 978 fidem

324 1002 555 1052 orationis
594 1003 870 1052 faciendam
907 1004 1131 1054 adhiberi
1171 1005 1292 1055 dixit
1329 1007 1590 1067 AntoniuS‚
1628 1009 1705 1056 vel
1745 1024 1860 1057 cum
1900 1024 1978 1057 ex-
2003 1026 2052 1054 10

323 1086 581 1146 planamus
604 1083 792 1147 aliquid
815 1086 893 1133 vel
917 1101 1031 1133 cum
1064 1085 1384 1134 conciliamus
1407 1086 1599 1136 animos
1623 1089 1701 1136 vel
1724 1103 1839 1136 cum
1863 1103 1978 1136 con·

225 1182 297 1222 105
324 1164 543 1223 citamuS,
564 1166 651 1214 sed
675 1164 727 1212 in
746 1165 854 1225 hoe,
874 1166 1011 1228 quod
1030 1174 1333 1228 postremum
1352 1166 1466 1227 dixi,
1483 1166 1800 1231 amplificatio
1815 1175 1978 1231 potest

322 1245 602 1309 plurimum,
629 1261 786 1308 eaque
818 1262 917 1294 una
948 1247 1053 1294 laus
1085 1245 1289 1295 oratoris
1317 1255 1391 1296 est
1416 1244 1505 1313 [et]
1530 1246 1726 1311 propria
1748 1246 1974 1297 maxime.

324 1326 487 1375 Etiam
534 1325 688 1375 maior
734 1335 808 1375 est
852 1326 936 1376 illa
975 1326 1255 1377 exercitatio
1296 1344 1446 1392 quam
1486 1337 1704 1378 extremo
1749 1345 1977 1380 sermone

322 1406 546 1455 instruxit
563 1405 826 1466 AntoniuS,
852 1406 1012 1470 primo
1036 1406 1279 1466 reiciebat,
1306 1407 1542 1459 laudandi
1564 1417 1614 1459 et
1636 1408 1945 1472 vituperandi
1961 1427 1977 1470 3
2001 1425 2048 1466 15

322 1487 444 1535 nihil
469 1496 542 1536 est
566 1487 699 1535 enirn
722 1489 786 1536 ad
812 1489 1197 1551 exaggerandam
1216 1497 1265 1537 et
1287 1488 1685 1552 amplificandam
1703 1489 1975 1543 orationem

322 1567 758 1627 accommodatiuS,
819 1585 969 1631 quam
1032 1577 1296 1632 utrumque
1358 1570 1535 1619 horum
1591 1570 1976 1621 cumulatissime

224 1653 301 1696 106
322 1650 481 1698 facere
508 1665 667 1712 posse.
741 1649 1121 1713 Consequentur
1149 1649 1298 1699 etiam
1329 1649 1398 1697 illi
1426 1650 1535 1711 loci,
1561 1650 1647 1714 qui
1675 1656 1976 1715 quamquam

321 1729 503 1793 proprii
522 1745 779 1778 causarum
797 1738 845 1779 et
869 1729 1178 1780 inhaerentes
1201 1730 1253 1779 in
1277 1746 1444 1782 earum
1468 1731 1627 1780 nervis
1651 1748 1757 1782 esse
1775 1732 1974 1793 debent,

321 1818 488 1858 tamen
528 1809 643 1873 quia
689 1812 753 1860 de
793 1810 1019 1860 universa
1064 1826 1118 1861 re
1156 1811 1348 1860 tractari
1393 1813 1568 1872 solent,
1611 1829 1901 1862 communes
1944 1829 1976 1862 a
1999 1833 2051 1865 πο

321 1889 566 1939 veteribus
602 1890 843 1939 nominati
878 1899 1021 1951 sunt3
1070 1906 1280 1954 quorum
1317 1891 1494 1954 partim
1531 1892 1716 1942 habent
1746 1891 1975 1942 vitiorum

321 1979 371 2020 et
405 1980 719 2034 peccatorum
751 1988 915 2020 acrem
947 1973 1197 2035 quandam
1229 1987 1345 2021 cum
1375 1972 1758 2036 amplificatione
1788 1972 1976 2022 incusa-

321 2052 508 2103 tionem
553 2063 639 2103 aut
684 2056 948 2118 querelam,
993 2063 1163 2104 contra
1208 2071 1359 2119 quam
1404 2055 1505 2106 dici
1546 2055 1672 2105 nihil
1718 2056 1843 2105 solet
1882 2072 1976 2106 nec

322 2142 498 2197 potest,
533 2142 587 2182 ut
619 2134 670 2182 in
702 2135 1114 2198 depeculatorem,
1146 2135 1198 2184 in
1229 2135 1543 2199 proditorem,
1569 2135 1621 2184 in
1653 2135 1976 2200 parricidam;
2093 2197 2095 2199 μ

321 2213 503 2277 quibus
527 2214 599 2263 uti
623 2215 922 2264 confirmatis
946 2215 1231 2265 criminibus
1261 2225 1466 2280 oportet,
1493 2216 1631 2266 aliter
1658 2216 1791 2266 enim
1822 2215 1974 2267 ieiuni
1998 2235 2020 2264 2
2027 2235 2048 2275 5

225 2303 301 2349 107
322 2303 436 2343 sunt
470 2304 619 2359 atque
654 2295 824 2345 inanes
839 2314 854 2357 -3
912 2296 993 2345 alii
1027 2306 1193 2346 autem
1230 2297 1416 2346 habent
1453 2296 1850 2360 deprecationem
1889 2305 1975 2345 aut

322 2375 719 2436 miserationem,
770 2375 851 2424 alii
888 2393 1004 2426 vero
1038 2377 1264 2441 ancipitis
1300 2376 1670 2440 disputationes,
1708 2376 1761 2424 in
1795 2375 1975 2440 quibus

321 2456 385 2504 de
431 2457 659 2507 universo
705 2474 883 2521 genere
929 2458 980 2507 in
1021 2467 1279 2522 utramque
1325 2467 1516 2522 partem
1557 2456 1728 2508 disseri
1774 2456 1976 2520 copiose

321 2536 447 2586 licet.
534 2539 677 2600 Quae
717 2539 997 2590 exercitatio
1037 2556 1170 2589 nunc
1205 2538 1400 2604 propria
1433 2541 1642 2589 duarum
1675 2536 1976 2602 philosophi-

321 2633 474 2677 arum,
518 2620 582 2668 de
629 2619 808 2682 quibus
848 2630 963 2670 ante
1009 2620 1121 2680 dixi,
1171 2629 1382 2684 putatur,
1430 2621 1564 2683 apud
1603 2618 1833 2681 antiquos
1873 2625 1975 2666 erat
1999 2637 2048 2676 30

288 2753 294 2757 ,
322 2714 508 2758 eorum,
545 2716 575 2748 a
611 2700 790 2763 quibus
827 2701 988 2751 omnis
1023 2703 1088 2750 de
1127 2701 1273 2751 rebus
1308 2699 1583 2750 forensibus
1617 2697 1817 2749 dicendi
1852 2697 1975 2746 ratio

382 2842 400 2869 1
432 2831 570 2879 quivis
598 2831 665 2870 vel
693 2831 844 2883 Sorof:
886 2832 1025 2882 quivis
1053 2830 1164 2872 codd.
1187 2846 1197 2872 ε
1241 2831 1432 2881 quamvis
1460 2829 1572 2883 vulg.
1678 2832 1681 2834 ’
1871 2840 1898 2877 3
1925 2828 1974 2866 δὲ

324 2886 633 2924 sententiarum
654 2886 738 2925 secl.
765 2886 920 2926 Schatz
1068 2898 1117 2935 13
1146 2891 1189 2925 et
1207 2886 1292 2926 secl.
1316 2885 1462 2925 Pearce
1615 2896 1663 2934 14
1693 2883 1820 2923 etiam
1841 2882 1974 2922 maior

325 2943 390 2976 est
412 2937 519 2977 codd.
540 2953 549 2978 :
578 2939 814 2979 adhibenda
834 2941 960 2979 etiam
980 2945 1047 2979 est
1065 2938 1199 2989 Soros
