2150 3444
89 148 256 209 80337

173 615 252 664 328

173 1107 254 1149 329

198 2027 254 2075 81

172 2113 254 2155 330

741 150 811 197 M.
848 146 1062 196 TVLLI
1101 146 1484 198 CICERONIS

546 288 752 347 effertur,
792 285 936 347 imuS,
972 287 1037 335 ad
1072 287 1350 349 sepulcrum
1385 283 1628 345 venimus,

546 367 597 416 in
633 367 799 431 ignem
836 366 1067 430 imposita
1101 375 1188 427 est,

278 443 418 514 [fere]
458 447 633 497 decem
673 447 921 497 versiculis
961 455 1120 496 totum
1161 446 1405 495 conficere
1445 444 1720 509 potuisset;
1767 454 1936 511 quam-

276 542 425 590 quam
462 529 559 577 hoc
595 527 758 592 ipsum
795 529 1028 587 ‘effertur,
1056 526 1214 586 imus,’
1245 525 1500 576 concisum
1532 535 1606 576 est
1637 526 1719 587 ita,
1745 535 1800 577 ut
1831 542 1935 578 non

277 607 500 657 brevitati
531 608 763 658 servitum
802 608 875 668 sit,
912 609 999 658 sed
1038 606 1190 671 magis
1222 606 1477 657 venustati.
1552 606 1705 669 Quod
1737 607 1778 657 si
1811 607 1983 668 nihils

276 687 462 750 fuisset,
487 688 580 738 nisi
604 692 618 715 ‘
635 689 686 738 in
710 688 874 753 ignem
900 687 1131 752 imposita
1155 690 1258 748 est,'
1283 696 1450 737 tamen
1474 705 1549 737 res
1574 697 1678 738 tota
1701 688 1936 752 cognosci

276 769 417 818 facile
441 771 692 834 potuisset.
755 772 855 820 Sed
883 778 932 820 et
955 769 1268 819 festivitatem
1292 770 1443 819 habet
1467 769 1678 819 narratio
1703 769 1936 820 distincta

277 850 498 913 personis
537 858 586 900 et
626 850 937 914 interpuncta
975 850 1302 909 sermonibu5‚
1334 859 1382 899 et
1420 859 1494 899 est
1530 859 1579 900 et
1613 850 1930 914 probabiliuS,

277 931 415 992 quod
448 939 640 992 gestum
676 946 784 979 esse
819 930 967 990 dicaS,
996 947 1111 979 cum
1148 947 1297 994 quem
1328 931 1393 980 ad
1429 932 1635 980 modum
1670 939 1836 980 actum
1871 931 1934 980 sit

277 1026 506 1073 exponas,
542 1018 591 1059 et
626 1012 782 1059 multo
818 1010 1031 1074 apertius
1067 1012 1132 1060 ad
1167 1010 1554 1074 intellegendum
1589 1020 1675 1071 est,
1713 1010 1755 1060 si
1789 1017 1933 1064 †con-
1960 1030 2010 1061 10

277 1090 490 1140 stituitur
511 1090 779 1154 aliquando
803 1107 860 1139 ac
885 1107 987 1140 non
1019 1090 1112 1140 ista
1139 1091 1376 1140 brevitate
1406 1091 1713 1156 percurritur.
1782 1094 1934 1156 Aper-

276 1179 377 1220 tam
410 1170 542 1221 enim
574 1170 903 1220 narrationem
935 1180 1037 1220 tam
1069 1188 1176 1221 esse
1209 1180 1402 1235 oportet
1434 1189 1583 1236 quam
1613 1181 1776 1222 cetera
1789 1189 1805 1233 3
1843 1174 1934 1223 sed
1992 1188 1994 1190 ’

275 1252 372 1301 hoc
407 1251 561 1315 magis
596 1251 647 1300 in
683 1254 775 1301 hac
811 1253 1166 1302 elaborandum
1203 1261 1288 1313 est,
1324 1254 1461 1316 quod
1496 1261 1545 1302 et
1579 1252 1824 1303 difficilius
1858 1262 1933 1303 est

275 1348 378 1383 non
406 1350 513 1383 esse
546 1333 811 1383 obscurum
847 1333 899 1383 in
933 1351 984 1383 re
1020 1335 1262 1384 narranda
1300 1350 1450 1398 quam
1484 1342 1570 1384 aut
1606 1333 1658 1383 in
1689 1333 1933 1399 principio

274 1422 358 1462 aut
393 1414 444 1463 in
479 1416 870 1477 argumentando
904 1423 989 1463 aut
1027 1414 1078 1463 in
1119 1416 1425 1479 perorando,
1475 1422 1524 1464 et
1560 1414 1745 1465 maiore
1781 1414 1931 1466 etiam
1958 1431 2006 1474 15

274 1494 492 1558 periculo
525 1497 648 1544 haec
679 1512 791 1559 pars
824 1495 1056 1545 orationis
1093 1496 1303 1545 obscura
1335 1504 1409 1546 est
1442 1512 1592 1560 quam
1624 1504 1827 1557 ceterae,
1851 1498 1933 1547 vel

275 1575 405 1638 quia,
431 1575 471 1625 si
496 1592 596 1639 quo
620 1576 718 1626 alio
741 1576 792 1624 in
825 1578 936 1626 loco
961 1585 1035 1625 est
1066 1576 1255 1626 dictum
1288 1577 1409 1640 quid
1442 1576 1711 1639 obscurius,
1738 1586 1931 1628 tantum

274 1654 326 1704 id
350 1655 487 1720 perit,
516 1658 652 1720 quod
677 1656 744 1706 ita
768 1655 956 1706 dictum
989 1666 1075 1717 est,
1103 1657 1314 1708 narratio
1338 1659 1547 1708 obscura
1575 1666 1730 1708 totam
1763 1673 1933 1708 occae«

274 1745 354 1785 cat
395 1737 702 1798 orationem,
754 1739 831 1787 vel
873 1740 1009 1801 quod
1049 1738 1146 1787 alia
1184 1738 1357 1802 possis,
1402 1741 1555 1789 semel
1593 1738 1634 1789 si
1675 1738 1930 1789 obscurius

276 1816 470 1879 dixeris,
512 1817 675 1868 dicere
716 1818 813 1867 alio
855 1819 967 1867 loco
1014 1818 1220 1882 planius,
1266 1819 1555 1869 narrationis
1596 1835 1724 1868 unus
1764 1828 1838 1869 est
1878 1819 1930 1869 in
1956 1835 2008 1865 20

275 1914 423 1948 causa
458 1900 610 1948 locus.
684 1898 789 1948 Erit
824 1907 990 1948 autem
1026 1898 1283 1963 perspicua
1319 1899 1547 1960 narratio,
1570 1898 1611 1949 si
1642 1898 1802 1949 v'erbis
1837 1899 1932 1948 usi-

276 1979 400 2039 tatis,
429 1979 469 2028 si
505 1979 677 2030 ordine
713 1988 991 2044 temporum
1029 1989 1232 2041 servato,
1260 1980 1300 2030 si
1335 1998 1438 2030 non
1472 1980 1741 2044 interrupte
1774 1996 1935 2029 narra-·

277 2060 419 2110 bitur.
493 2062 591 2110 Sed
633 2062 834 2125 quando
876 2063 1117 2111 utendum
1160 2061 1221 2110 sit
1261 2070 1346 2111 aut
1387 2078 1490 2112 non
1530 2061 1592 2111 sit
1638 2060 1928 2122 narratione,

276 2141 328 2191 id
353 2150 426 2191 est
450 2141 623 2192 consili
639 2160 653 2203 3
688 2159 851 2207 neque
875 2142 1008 2192 enim
1033 2142 1073 2192 si
1097 2152 1215 2193 nota
1238 2160 1314 2193 res
1346 2151 1420 2193 est
1451 2159 1544 2193 nec
1576 2143 1785 2193 dubium
1809 2141 1931 2207 quid

274 2232 467 2287 gestum
499 2223 573 2283 sit,
600 2240 792 2273 narrare
822 2233 1032 2288 oportet,
1056 2241 1149 2274 nec
1181 2224 1222 2274 si
1254 2224 1555 2275 adversarius
1587 2223 1808 2284 narravit,
1836 2223 1930 2273 nisi
1955 2238 2005 2283 25

274 2304 314 2353 si
346 2306 653 2367 refellemus,
689 2322 747 2354 ac
780 2305 820 2355 si
853 2307 1056 2369 quando
1092 2305 1181 2355 erit
1213 2307 1529 2366 narrandum,
1551 2322 1645 2356 nec
1679 2305 1774 2367 illa,
1801 2321 1934 2370 quae-

275 2385 605 2451 suspicionem
630 2395 678 2437 et
703 2386 889 2437 crimen
914 2386 1126 2437 efficient
1155 2396 1424 2451 contraque
1451 2403 1544 2437 nos
1576 2395 1730 2448 erunt,
1757 2386 1933 2437 acriter

328 2515 382 2556 M
398 2536 433 2550 =
453 2516 591 2556 ΑΕΗ
718 2531 743 2556 2
774 2518 817 2556 in
840 2517 983 2568 ignem
1004 2518 1200 2568 imposita
1220 2523 1287 2558 est
1306 2516 1360 2557 M
1378 2518 1490 2571 (ante
1507 2517 1721 2565 lacunam)
1739 2531 1748 2558 :
1779 2517 1824 2557 in
1839 2517 1929 2568 igni

275 2572 453 2623 positast
470 2571 627 2611 Piderit
736 2584 762 2621 3
791 2571 834 2611 in
854 2572 921 2612 his
942 2572 1030 2612 fere
1051 2573 1197 2613 decem
1217 2571 1255 2610 L
1366 2585 1391 2621 4
1421 2572 1634 2613 efferimus
1654 2570 1708 2611 M
1829 2573 1856 2611 8
1883 2577 1933 2619 et.

275 2631 341 2666 est
361 2631 405 2666 et
423 2625 511 2665 ΑΕ
523 2640 531 2666 :
562 2632 605 2666 et
625 2632 690 2666 est
708 2625 820 2666 codd.
842 2626 953 2679 (HR
973 2626 1079 2679 rece.)
1196 2640 1245 2666 10
1273 2626 1309 2666 si
1328 2626 1388 2666 sic
1407 2626 1446 2665 L
1578 2640 1626 2666 12
1655 2624 1861 2666 rationem
1880 2624 1935 2664 M

276 2686 439 2720 ceteras
467 2680 579 2720 codd.
804 2693 853 2731 13
883 2680 926 2719 in
956 2681 1036 2720 hac
1065 2680 1102 2718 L
1123 2681 1234 2732 vulg.
1433 2692 1481 2730 15
1510 2686 1582 2721 aut
1611 2679 1832 2731 purgando
1855 2684 1928 2720 aut

277 2735 515 2785 perorando
550 2733 622 2776 M:
672 2739 745 2774 aut
779 2747 898 2785 purg.
940 2734 1079 2775 delevit
1113 2734 1350 2775 Lambinus
1388 2735 1485 2788 [qui
1517 2740 1555 2775 et
1591 2734 1927 2785 argumentando

278 2788 445 2840 maluit]
465 2803 474 2828 :
527 2794 599 2828 aut
630 2801 751 2840 purg.
772 2795 846 2829 aut
865 2801 954 2839 per.
995 2789 1080 2829 secl.
1104 2788 1308 2829 Friedrich
1499 2790 1627 2829 etiam
1646 2788 1835 2840 periculo
1854 2801 1927 2827 m:

278 2848 321 2882 et
351 2843 525 2882 ridiculo
556 2842 610 2880 M
829 2845 878 2882 16
908 2848 1077 2883 ceterae
1103 2841 1141 2881 L
1167 2843 1303 2894 vulga:
1347 2848 1491 2882 cetera
1509 2842 1564 2882 M
1736 2854 1784 2892 17
1812 2841 1927 2892 quod

278 2896 389 2936 obse.
410 2895 463 2934 M
570 2897 619 2935 18
646 2897 688 2936 id
709 2910 789 2937 om.
815 2896 869 2935 M
984 2910 1036 2946 24
1065 2909 1144 2936 nec
1164 2897 1199 2937 si
1218 2896 1389 2936 dubium
1408 2897 1462 2937 sit
1480 2895 1518 2934 L
1628 2898 1681 2936 26
1709 2909 1788 2936 nec
1807 2907 1924 2936 rece-t

278 2963 333 2991 ne
351 2949 442 2990 Mo
460 2963 469 2989 t
498 2950 725 2990 videndum
746 2964 800 2990 ne
819 2949 1055 2990 Lambinus
