2150 3444
738 129 832 177 DE
868 127 1208 177 ORATORE
1280 128 1333 175 II

133 331 138 338 ¹
208 277 298 325 aut
315 270 613 322 abhorreant
643 276 729 318 aut
759 270 1000 318 laetentur
1030 275 1116 316 aut
1150 274 1403 316 maereant
1433 275 1519 316 aut
1551 267 1871 317 misereantur

206 360 294 404 aut
315 351 519 417 poenire
542 350 693 400 velint
716 358 802 399 aut
832 350 898 399 ad
930 365 1015 399 eos
1043 356 1208 397 motus
1241 348 1565 409 deducantur,
1593 348 1633 397 si
1659 348 1743 412 qui
1767 349 1872 397 fini-

206 433 316 485 timi
338 443 453 484 sunt
473 431 544 500 [et
567 434 631 483 de
654 430 943 497 propinquis
967 428 1046 497 ac]
1073 429 1253 479 talibus
1282 429 1436 478 animi
1460 430 1869 493 permotionibus.

206 517 374 579 Atque
397 513 520 563 illud
545 515 822 578 optandum
853 521 928 562 est
960 511 1157 572 oratori,
1180 519 1235 559 ut
1265 510 1483 573 aliquam
1508 510 1870 575 permotionem

159 611 184 656 5
206 594 486 646 animorum
510 611 600 643 sua
622 602 800 657 sponte
823 592 918 657 ipsi
940 593 1164 642 adferant
1181 592 1247 640 ad
1272 608 1473 640 causam
1498 590 1687 641 iudices
1710 594 1776 642 ad
1801 591 1867 653 id,

205 677 345 742 quod
362 675 543 726 utilitas
562 674 765 725 oratoris
783 676 917 734 feret,
935 674 1367 723 accommodatam
1383 691 1398 734 3
1433 673 1623 722 facilius
1639 682 1713 722 est
1736 672 1870 722 enim

204 766 498 819 currentem,
522 765 578 806 ut
599 755 750 817 aiunt,
778 755 982 805 incitare
1006 772 1157 819 quam
1182 771 1498 805 commovere
1521 755 1839 818 languentem
1855 771 1872 816 ;

203 838 281 890 sin
303 838 357 888 id
379 847 465 888 aut
487 855 590 888 non
614 836 705 887 erit
727 846 813 887 aut
838 837 928 887 erit
951 836 1227 898 obscurius,
1252 836 1379 886 sicut
1407 836 1605 886 medico
1630 837 1868 901 diligenti,

202 918 488 985 priusquam
523 927 731 969 conetur
764 935 911 982 aegro
946 918 1184 968 adhibere
1219 918 1537 981 medicinam,
1570 936 1673 969 non
1708 922 1871 970 solum

115 1020 183 1054 ,ιο
204 1001 406 1050 morbus
429 999 548 1062 eiuS,
567 999 647 1050 cui
671 1000 859 1050 mederi
878 1002 1023 1062 volet,
1043 1002 1131 1050 sed
1155 1000 1303 1050 etiam
1330 1002 1640 1051 consuetudo
1663 1001 1872 1051 valentis

203 1091 253 1132 et
276 1090 450 1132 natura
472 1081 691 1146 corporis
716 1083 1066 1146 cognoscenda
1090 1091 1181 1143 est,
1206 1083 1276 1132 sic
1300 1082 1535 1146 equidem
1559 1099 1675 1132 cum
1702 1085 1874 1148 adgre-

202 1162 313 1214 dior
348 1162 400 1212 in
434 1162 638 1227 ancipiti
669 1180 818 1213 causa
853 1173 902 1214 et
943 1163 1075 1228 gravi
1104 1165 1169 1213 ad
1203 1163 1398 1213 animos
1429 1163 1651 1213 iudicum
1692 1174 1873 1229 pertra-

201 1245 423 1305 ctandos,
462 1244 600 1294 omni
635 1254 802 1295 mente
840 1245 983 1294 inea
1022 1244 1321 1310 cogitatione
1355 1262 1571 1309 curaque
1599 1263 1776 1308 versor,
1813 1255 1870 1296 ut

202 1328 392 1389 odorer,
419 1344 570 1391 quam
597 1327 909 1391 sagacissime
932 1327 1133 1391 possim,
1163 1327 1286 1391 quid
1311 1326 1537 1387 sentiant,
1565 1327 1687 1391 quid
1712 1327 1870 1377 existi-

133 1425 180 1467 15
203 1416 357 1470 ment,
394 1408 516 1472 quid
557 1417 855 1473 exspectent,
902 1408 1024 1473 quid
1066 1409 1234 1470 velint,
1275 1426 1378 1473 quo
1418 1409 1600 1459 deduci
1646 1410 1870 1460 oratione

202 1488 434 1540 facillime
465 1507 612 1555 posse
641 1490 914 1541 videantur.
990 1490 1042 1540 Si
1075 1508 1127 1540 se
1162 1493 1285 1541 dant
1317 1500 1378 1550 et,
1407 1500 1461 1540 ut
1492 1501 1607 1540 ante
1638 1491 1753 1551 dixi,
1780 1508 1869 1541 sua

201 1581 396 1635 sponte,
420 1588 522 1636 quo
547 1572 860 1636 impellimus,
890 1571 1130 1621 inclinant
1154 1581 1305 1635 atque
1329 1573 1654 1636 propendent,
1675 1571 1868 1635 accipio

201 1653 340 1716 quod
363 1654 508 1704 datur
531 1662 581 1703 et
603 1655 669 1703 ad
694 1653 759 1714 id,
789 1655 924 1703 unde
948 1653 1126 1718 aliquis
1151 1655 1296 1702 flatus
1321 1654 1610 1714 ostenditur,
1637 1656 1746 1703 vela
1768 1657 1868 1716 do3

201 1733 278 1783 sin
302 1743 377 1784 est
400 1734 588 1799 integer
612 1735 908 1800 quietusque
941 1735 1103 1796 iudex,
1131 1737 1242 1800 plus
1267 1744 1341 1785 est
1365 1736 1527 1799 operis
1543 1754 1558 1796 3
1594 1745 1709 1784 sunt
1732 1735 1866 1785 enim

129 1833 180 1864 πο
201 1815 371 1866 omnia
385 1815 602 1867 dicendo
621 1816 892 1877 excitanda,
912 1816 1035 1866 nihil
1050 1817 1316 1867 adiuvante
1333 1826 1518 1866 natura.
1559 1817 1658 1866 Sed
1677 1825 1866 1867 tantam

199 1897 300 1947 vim
323 1899 475 1949 habet
499 1899 597 1961 illa,
622 1916 750 1963 quae
773 1908 906 1949 recte
928 1916 959 1948 a
982 1900 1120 1949 bono
1144 1908 1292 1963 poeta
1315 1898 1449 1948 dicta
1472 1907 1546 1948 est

365 1980 629 2032 flexanima
664 1990 815 2044 atque
850 1980 1077 2031 omnium
1113 1980 1279 2045 regina
1314 1997 1476 2030 rerum
1512 1981 1682 2042 oratio,

197 2069 254 2112 ut
286 2078 390 2112 non
425 2065 580 2113 modo
614 2061 937 2112 inclinantem
975 2062 1200 2126 excipere
1234 2071 1319 2111 aut
1357 2072 1570 2113 stantem
1612 2063 1862 2127 inclinare,

196 2144 287 2194 sed
310 2143 460 2194 etiam
483 2145 828 2194 adversantem
853 2159 912 2194 ac
940 2153 1312 2208 repugnantem,
1341 2153 1395 2193 ut
1430 2144 1695 2209 imperator
1727 2146 1864 2195 fortis

125 2243 173 2286 ²5
195 2242 256 2276 ac
289 2226 467 2286 bonuS‚
494 2242 670 2291 capere
704 2225 874 2291 possit.
951 2227 1097 2276 Haec
1132 2235 1248 2275 sunt
1283 2226 1377 2287 illa,
1406 2244 1534 2291 quae
1570 2245 1650 2277 me
1685 2229 1863 2277 ludens

197 2308 404 2360 Crassus
435 2309 590 2358 modo
614 2307 882 2372 flagitabat,
906 2325 1022 2358 cum
1046 2325 1076 2357 a
1099 2326 1181 2357 me
1210 2307 1445 2358 divinitus
1478 2308 1672 2359 tractari
1706 2311 1863 2359 solere

194 2390 383 2441 diceret
410 2398 461 2440 et
491 2390 544 2440 in
576 2407 726 2441 causa
750 2392 835 2440 Μ’.
863 2390 1035 2455 Aquili
1070 2390 1265 2455 Gaique
1302 2391 1527 2440 Norbani
1559 2408 1663 2441 non
1698 2390 1864 2441 nullis-

249 2518 304 2560 M
319 2540 355 2556 =
375 2519 514 2561 ΑΕΗ
672 2534 698 2561 2
727 2521 939 2561 deducant
959 2518 1013 2558 M
1031 2521 1250 2572 (diducant
1266 2520 1386 2574 AE1)
1501 2532 1526 2570 3
1556 2521 1863 2573 depropinquis

194 2575 262 2617 his
289 2590 339 2618 ac
363 2575 439 2617 M:
467 2583 511 2617 et
543 2576 771 2627 propinqui
798 2577 864 2616 his
893 2589 942 2616 ac
970 2575 1082 2628 vulg.
1105 2592 1114 2616 z
1157 2582 1199 2615 et
1229 2577 1282 2615 de
1304 2605 1314 2616 .
1338 2607 1348 2617 .
1369 2606 1379 2617 .
1404 2577 1737 2627 permotionibus
1769 2577 1857 2618 secl.

193 2631 356 2683 Kayser
461 2643 487 2682 5
515 2631 710 2671 adferant
749 2644 830 2670 om.
852 2629 906 2668 M
1030 2644 1052 2680 7
1084 2631 1338 2671 commoveri
1359 2630 1413 2669 M
1536 2644 1587 2670 10
1615 2631 1681 2670 cui
1701 2633 1862 2672 mederi

193 2686 308 2727 volet
327 2699 410 2727 om.
434 2685 488 2724 M
615 2698 661 2735 17
691 2686 791 2726 ineu
810 2685 865 2725 H
880 2685 958 2735 (vii
972 2686 1201 2725 litterarum
1220 2691 1322 2739 spat.
1346 2686 1454 2737 vac.)
1476 2685 1519 2723 A
1542 2699 1550 2724 :
1581 2686 1753 2726 incuent
1773 2685 1815 2726 E
1819 2687 1859 2727 ¹:

1888 140 1959 189 44
1983 138 2057 188 ιεε

1896 512 1974 554 186
1999 509 2001 511 ’

1894 1498 1972 1550 187

1889 2259 1966 2299 188

192 2741 372 2782 incitent
391 2742 479 2782 13²:
507 2741 730 2780 incurrunt
750 2754 801 2781 o:
840 2741 1089 2781 incumbunt
1108 2740 1187 2794 Lg.
1214 2754 1268 2781 2:
1299 2741 1504 2780 inclinant
1524 2740 1636 2793 vulg.
1764 2754 1861 2793 pro·
1907 2745 1911 2749 '

192 2797 388 2847 pendunt
406 2795 484 2836 M:
521 2796 760 2848 propellant
789 2795 849 2835 E³
1069 2810 1122 2836 22
1152 2798 1237 2836 ssex
1265 2802 1393 2847 atque
1423 2797 1607 2837 animina
1635 2796 1706 2836 A:
1757 2797 1858 2836 flex-

191 2856 320 2902 atque
350 2853 561 2892 animama
591 2850 664 2890 H:
705 2852 815 2890 ssexa
841 2856 970 2902 atque
997 2864 1023 2891 a
1052 2852 1224 2891 minima
1243 2851 1311 2891 E:
1351 2852 1461 2890 flexa
1493 2857 1619 2901 atque
1647 2851 1700 2890 ab
1727 2852 1859 2891 animi

191 2911 342 2946 notum
361 2905 431 2944 H²
555 2918 608 2955 24
638 2912 906 2946 aversantem
926 2905 979 2944 H
1102 2907 1156 2945 26
1183 2912 1366 2947 tractare
1388 2904 1441 2943 M
1566 2918 1616 2956 27
1648 2905 1696 2946 C.
1715 2905 1860 2957 Aquili

190 2958 246 2999 M
255 2976 264 3002 z
296 2974 395 3002 corr.
417 2959 677 3001 Lambinus:
706 2959 844 3011 C.que
865 2960 937 3002 H:
967 2961 1014 3001 C.
1039 2959 1127 3000 AE
