2150 3444
776 146 873 194 DE
908 143 1249 195 ORATORE
1321 146 1375 193 11
1927 159 1993 209 53
2013 164 2093 208 214

247 281 480 350 poscitur,
521 282 590 333 ita
629 282 1015 333 misericordiam
1056 290 1142 332 aut
1181 280 1417 331 invidiam
1459 290 1544 332 aut
1585 283 1901 343 iracundiam,

245 362 395 414 simul
417 372 568 428 atque
591 363 825 424 intuleriS,
852 362 1012 427 possis
1036 379 1381 412 commovere:
1416 373 1759 427 argumentum
1785 365 1907 414 ratio

244 442 356 509 ipsa
378 445 637 494 confirmat
660 443 824 508 idque,
854 443 1000 493 simul
1023 453 1174 508 atque
1198 443 1434 493 emissum
1459 453 1546 504 est,
1573 445 1878 495 adhaerescit
1895 464 1909 506 3

246 522 371 575 illud
410 533 578 574 autem
611 540 767 588 genus
802 523 1037 574 orationis
1074 540 1178 574 non
1214 523 1549 588 cognitionem
1591 524 1780 585 iudicis,
1820 527 1907 576 sed

196 621 223 664 5
246 605 403 670 magis
442 605 863 670 perturbationem
904 604 1120 669 requirit,
1159 621 1309 668 quarn
1345 605 1583 669 consequi
1622 605 1714 655 nisi
1754 608 1908 656 multa

246 695 298 737 et
327 686 460 737 varia
493 696 544 737 et
578 686 782 751 copiosa
815 685 1038 736 oratione
1073 695 1122 735 et
1158 685 1305 735 simili
1343 686 1664 737 contentione
1701 687 1908 737 actionis

245 784 398 818 nemo
420 776 584 833 potest
600 786 614 830 ;
648 784 748 832 qua
771 784 823 817 re
847 767 932 831 qui
956 776 1043 817 aut
1071 767 1282 817 breviter
1309 776 1395 817 aut
1428 767 1689 818 summisse
1721 768 1906 829 dicunt,
1935 791 2012 832 215

241 849 427 899 docere
461 848 679 899 iudicem
711 858 933 913 possunt,
963 865 1279 899 commovere
1311 866 1414 899 non
1450 858 1659 914 possunt
1675 867 1689 912 3
1725 848 1776 899 in
1809 866 1910 914 quo

244 938 363 980 sunt
395 929 577 980 omnia.

173 1025 225 1056 xo
314 1012 425 1061 Iam
460 1009 584 1061 illud
619 1010 937 1076 perspicuum
973 1019 1062 1071 est,
1097 1010 1323 1060 omnium
1359 1028 1520 1072 rerum
1556 1011 1608 1061 in
1643 1012 1910 1063 contrarias

243 1091 397 1158 partis
437 1093 722 1142 facultatem
760 1110 821 1142 ex
858 1092 1047 1143 eisdem
1090 1092 1394 1157 suppeditari
1432 1093 1566 1144 locis.
1639 1096 1740 1145 Sed
1774 1111 1910 1158 argu-

246 1181 420 1223 mento
442 1172 772 1223 resistendum
792 1181 867 1223 est
885 1182 971 1223 aut
989 1173 1073 1234 eiS,
1092 1190 1222 1237 quae
1246 1174 1607 1239 comprobandi
1633 1174 1738 1225 eius
1762 1192 1911 1226 causa

244 1262 523 1314 sumuntur,
550 1254 972 1319 reprehendendis
996 1263 1082 1304 aut
1106 1256 1511 1315 demonstrandO,
1539 1255 1605 1316 id,
1633 1258 1770 1320 quod
1794 1273 1910 1306 con-

246 1336 449 1385 cludere
481 1333 554 1385 illi
579 1334 746 1395 velint,
773 1352 876 1386 non
911 1335 1039 1385 effici
1074 1353 1134 1385 ex
1168 1335 1433 1400 propositis
1469 1353 1562 1386 nec
1598 1353 1704 1387 esse
1739 1354 1909 1389 conse-

173 1429 225 1474 15
248 1431 422 1480 quens,
446 1425 546 1476 aut,
574 1415 615 1465 si
638 1415 707 1466 ita
730 1433 834 1466 non
857 1418 1061 1477 refellas,
1089 1418 1415 1466 adferendum
1441 1426 1514 1466 est
1539 1416 1589 1466 in
1614 1418 1907 1470 contrariam

246 1505 451 1562 partem,
477 1498 616 1562 quod
642 1497 705 1547 sit
728 1506 813 1547 aut
836 1497 1029 1561 gravius
1060 1507 1146 1547 aut
1177 1515 1336 1562 aeque
1368 1515 1524 1563 grave.
1602 1501 1694 1549 Illa
1723 1509 1905 1560 autem,
1935 1509 2013 1550 216

245 1594 376 1644 quae
402 1586 490 1629 aut
525 1578 887 1629 conciliationis
919 1595 1070 1628 causa
1100 1578 1274 1628 leniter
1305 1588 1390 1629 aut
1422 1579 1743 1644 permotionis
1768 1582 1911 1631 vehe-

245 1667 439 1710 menter
470 1668 695 1724 aguntur,
729 1659 984 1709 contrariis
1020 1659 1442 1710 commotionibus
1477 1662 1744 1711 auferenda
1778 1670 1906 1721 sunt,

245 1750 301 1791 ut
324 1741 444 1792 odio
468 1742 830 1803 benevolentia,
857 1751 912 1792 ut
936 1742 1272 1793 misericordia
1296 1742 1482 1792 invidia
1506 1745 1714 1793 tollatur.

170 1838 224 1868 πο
314 1822 487 1874 Suavis
510 1832 678 1873 autem
703 1832 779 1873 est
802 1831 852 1873 et
875 1826 1193 1874 vehementer
1217 1841 1365 1888 saepe
1390 1824 1522 1874 utilis
1551 1824 1689 1875 iocus
1713 1835 1761 1875 et
1786 1828 1909 1876 face·
1932 1834 1998 1883 54

244 1903 342 1956 tiae
357 1923 372 1967 3
412 1922 555 1970 quae,
582 1904 732 1955 etiam
765 1904 806 1954 si
833 1905 930 1954 alia
960 1905 1130 1954 omnia
1165 1905 1292 1955 tradi
1329 1915 1431 1955 arte
1460 1915 1681 1970 possunt,
1708 1916 1910 1957 naturae

242 1995 359 2037 sunt
381 1986 580 2051 propria
602 1996 735 2037 certe
757 2004 923 2051 neque
947 1989 1098 2037 ullam
1123 1996 1279 2037 artem
1303 1987 1586 2038 desiderant
1606 2006 1615 2037 :
1651 1987 1703 2037 in
1728 1988 1909 2052 quibus

243 2076 298 2118 tu
332 2070 480 2134 longe
514 2068 622 2119 aliis
657 2086 772 2119 mea
804 2069 1063 2130 sententia,
1100 2071 1295 2130 Caesar,
1335 2069 1564 2131 excellis;
1614 2086 1716 2134 quo
1755 2070 1909 2135 magis

242 2152 366 2204 mihi
389 2153 540 2204 etiam
563 2163 649 2203 aut
674 2153 812 2204 testis
838 2171 945 2204 esse
971 2163 1113 2219 potes
1138 2155 1326 2203 nullam
1351 2169 1458 2203 esse
1483 2162 1639 2203 artem
1668 2153 1781 2202 salis
1805 2162 1903 2212 aut,

169 2246 219 2290 25
243 2234 285 2285 si
319 2252 420 2300 qua
452 2245 540 2296 est,
579 2253 691 2286 eam
727 2245 782 2285 tu
817 2236 1131 2301 potissimum
1167 2252 1259 2285 nos
1301 2235 1511 2285 docere.'
1586 2238 1597 2260 ‘
1617 2237 1725 2298 Ego
1759 2236 1906 2295 vero,’
1931 2252 2010 2296 217

242 2315 404 2381 inquit
446 2316 613 2368 ‘omni
655 2318 721 2367 de
767 2335 820 2367 re
866 2317 1056 2367 facilius
1104 2327 1228 2382 puto
1286 2334 1394 2366 esse
1441 2317 1506 2366 ab
1554 2315 1757 2365 homine
1803 2333 1906 2366 non

241 2396 501 2459 inurbano,
545 2415 696 2462 quam
739 2400 804 2449 de
844 2398 963 2462 ipsis
1012 2398 1200 2448 facetiis
1248 2397 1500 2462 disputari.
1575 2398 1751 2461 Itaque
1792 2414 1907 2447 cum

240 2481 487 2544 quosdam
527 2481 746 2530 Graecos
786 2479 1047 2544 inscriptos
1087 2480 1239 2530 libros
1276 2496 1385 2529 esse
1422 2478 1655 2529 vidissem
1693 2479 1758 2528 de
1798 2478 1909 2529 ridi-

293 2613 348 2655 M
364 2635 399 2650 =
419 2614 556 2655 ΑΕΗ
719 2629 737 2655 1
769 2621 843 2655 aut
863 2615 1122 2655 iracundiam
1143 2628 1226 2655 om.
1246 2613 1299 2654 M
1432 2628 1458 2653 2
1488 2614 1669 2654 rationis
1685 2613 1759 2654 M:
1794 2616 1908 2655 enim

241 2671 352 2711 ratio
371 2670 410 2710 L
592 2682 618 2719 3
648 2670 776 2721 idque
796 2669 932 2720 Soros
941 2685 950 2710 ε
981 2683 1090 2720 quae
1110 2669 1220 2710 codd.
1241 2684 1250 2711 ε
1281 2675 1408 2719 atque
1432 2669 1595 2719 Kayser
1754 2671 1909 2710 emi-ssa

237 2724 350 2766 codd.
370 2739 380 2764 ε
410 2738 510 2765 corr.
539 2724 795 2775 Wyttenback
933 2735 959 2774 5
986 2738 1112 2775 quam
1131 2739 1175 2764 e:
1206 2738 1290 2765 om.
1311 2723 1384 2765 M:
1407 2723 1567 2774 quaeL
1677 2725 1706 2763 6
1735 2724 1907 2775 copiosa

240 2786 284 2820 et
294 2778 418 2820 simili
434 2779 630 2819 oratione
643 2777 697 2816 M
802 2778 1076 2819 contentione
1088 2778 1269 2818 actionis
1282 2779 1411 2819 codd.:
1435 2779 1726 2818 contentionis
1740 2779 1908 2819 actione

238 2833 437 2874 Fn‘ednth
563 2846 614 2873 10
642 2834 854 2873 contraria
867 2839 988 2884 parte
1007 2832 1060 2871 M
1170 2836 1219 2874 18
1238 2834 1470 2873 auferenda
1481 2833 1560 2885 Lg.
1578 2846 1657 2873 20:
1688 2834 1907 2874 efferenda

237 2887 311 2928 M:
334 2888 558 2928 inserenda
572 2886 611 2927 L
726 2901 775 2939 19
799 2895 844 2928 ut
865 2901 917 2926 m.
930 2886 1003 2928 M:
1034 2894 1078 2928 et
1097 2901 1152 2929 m.
1169 2888 1207 2928 L
1319 2901 1372 2927 20
1392 2886 1509 2928 locus
1525 2886 1579 2926 M
1684 2900 1732 2927 21
1760 2888 1845 2928 alio
1860 2887 1908 2928 M

239 2956 292 2983 22
312 2942 428 2983 nulla
440 2956 536 2983 esse
550 2948 644 2982 arte
658 2940 712 2981 M
863 2953 915 2993 25
944 2949 988 2982 tu
1010 2956 1088 2982 nos
1109 2948 1198 2994 pot.
1219 2942 1393 2983 docebis
1420 2943 1456 2982 L
1478 2943 1587 2995 vulg.
1730 2944 1783 2982 26
1802 2949 1906 2993 puto

238 2999 367 3050 posse
396 2998 576 3038 facetius
595 2998 632 3037 L
652 2998 762 3050 vulg.
933 3010 983 3047 27
1013 2997 1119 3047 ipsis
1139 2998 1176 3038 L
1193 3011 1203 3038 z
1234 2998 1370 3049 ipsius
1389 2996 1441 3037 M
1592 2997 1810 3050 disputare
1828 2997 1906 3051 Ηγ

237 3054 292 3094 28
322 3054 375 3094 de
397 3052 588 3094 ridiculis
608 3051 645 3091 L
663 3067 671 3092 :
703 3052 975 3104 perridiculis
995 3051 1046 3091 M
