2112 3444
88 127 129 177 7·
147 111 201 176 2?-
676 116 746 163 Μ.
779 114 994 162 TVLLI
1033 113 1412 163 CICERONIS

221 254 370 316 lepos,
409 261 463 303 ut
498 253 603 303 dies
639 253 765 303 inter
800 269 884 303 eos
921 253 1082 303 curiae
1117 252 1265 302 fuisse
1300 251 1556 312 videretur,
1589 251 1870 304 convivium

144 348 192 386 28
220 334 520 396 Tusculani,
559 343 757 398 postero
787 343 953 383 autem
986 333 1079 394 die,
1115 349 1228 382 cum
1261 332 1329 381 illi
1362 331 1570 382 maiores
1601 341 1719 383 natu
1754 331 1871 384 satis

218 413 469 477 quiessent
504 423 552 464 et
587 414 638 463 in
670 413 1056 464 ambulationem
1089 423 1290 462 ventum
1324 421 1464 473 esset,
1494 410 1731 480 [dicebat]
1763 421 1870 463 tum

217 497 506 544 Scaevolam
544 495 740 544 duobus
777 494 943 557 spatiis
980 493 1195 542 tribusve
1230 492 1369 542 factis
1405 491 1584 543 dixisse
1621 497 1734 542 ‘cur
1767 509 1871 543 non

215 574 477 635 imitamur,
536 576 724 634 Crasse,
775 576 1025 623 Socratem
1081 572 1232 632 illurn,
1288 571 1372 635 qui
1423 582 1497 622 est
1546 572 1598 622 in
1645 574 1872 624 Phaedro
1893 585 1917 627 5

218 656 476 706 Platonis?
551 658 682 705 Nam
729 671 809 704 me
854 657 977 703 haec
1024 664 1108 703 tua
1152 655 1379 722 platanus
1424 652 1697 714 admonuit,
1744 670 1872 718 quae

219 752 322 785 non
356 735 520 785 minus
554 737 620 785 ad
655 736 967 798 opacandum
1002 736 1136 782 hunc
1169 735 1337 783 locum
1373 733 1551 797 patulis
1589 743 1662 783 est
1697 733 1875 784 diffusa

219 815 379 876 ramis,
414 833 563 879 quam
595 816 690 876 illa,
718 815 856 865 cuius
889 815 1113 864 umbram
1148 824 1343 863 secutus
1376 823 1449 864 est
1482 816 1719 875 Socrates,
1746 831 1873 878 quae

221 896 342 944 mihi
378 896 570 946 videtur
607 913 708 945 non
747 905 847 944 tarn
885 895 991 958 ipsa
1027 897 1180 954 acula,
1221 911 1348 957 quae
1383 895 1686 956 describitur,
1723 911 1872 958 quarn

219 976 438 1026 Platonis
471 975 691 1026 oratione
726 975 947 1036 crevisse,
985 984 1033 1024 et
1069 976 1205 1038 quod
1240 974 1321 1024 ille
1357 974 1627 1024 durissimis
1661 975 1872 1039 pedibus
1899 995 1948 1024 10

190 1084 194 1085 ν
218 1056 348 1117 fecit,
375 1065 429 1106 ut
453 1074 505 1106 se
528 1057 742 1106 abiceret
766 1056 817 1104 in
841 1056 993 1105 herba
1016 1065 1163 1118 atque
1188 1055 1255 1104 ita
1281 1051 1419 1121 [illa],
1441 1071 1568 1118 quae
1591 1054 1873 1118 philosophi

221 1137 454 1188 divinitus
478 1140 639 1188 ferunt
664 1154 770 1187 esse
795 1137 940 1197 dicta,
966 1139 1258 1200 loqueretur,
1286 1135 1338 1185 id
1363 1135 1486 1185 meis
1509 1135 1721 1199 pedibus
1744 1145 1875 1186 certe

149 1237 197 1279 ²9
222 1218 430 1268 concedi
459 1227 531 1267 est
563 1217 798 1281 aequius!
838 1212 998 1291 *NTum
1031 1218 1263 1267 Crassum
1300 1216 1480 1265 ‘immo
1511 1232 1628 1265 vero
1659 1231 1876 1266 commo-

222 1297 332 1347 dius
352 1297 499 1347 etiam
515 1299 525 1321 '
542 1315 557 1359 ,-
590 1296 917 1361 pulvinosque
935 1296 1220 1360 poposcisse
1241 1305 1288 1346 et
1314 1296 1475 1346 omnis
1499 1295 1551 1346 in
1570 1295 1640 1347 eis
1658 1297 1873 1358 sedibuS,

222 1393 349 1440 quae
374 1385 509 1426 erant
534 1378 626 1426 sub
650 1379 863 1440 platan0,
891 1376 1173 1426 consedisse
1198 1376 1406 1426 dicebat.
1901 1395 1950 1438 15

167 1457 198 1504 8
291 1456 383 1517 Ibi,
411 1466 464 1506 ut
496 1473 555 1506 ex
588 1456 794 1521 pristino
829 1472 1056 1506 sermone
1090 1459 1414 1506 relaxarentur
1449 1457 1600 1506 animi
1636 1458 1874 1519 omnium,

224 1537 413 1586 solebat
461 1538 611 1588 Cotta
659 1553 850 1586 narrare
898 1538 1129 1587 Crassum
1182 1554 1459 1587 sermonem
1511 1539 1762 1602 quendam
1813 1540 1878 1588 de

148 1640 201 1680 30
225 1617 389 1667 studio
421 1617 620 1667 dicendi
651 1617 885 1668 intulisse.
959 1617 1061 1680 Qui
1090 1634 1204 1667 cum
1235 1618 1304 1667 ita
1338 1628 1465 1668 esset
1499 1635 1726 1669 exorsus:
1775 1636 1878 1669 non

225 1698 319 1748 sibi
355 1700 715 1748 cohortandum
747 1698 1020 1761 Sulpicium
1055 1708 1104 1748 et
1137 1700 1350 1758 Cottam,
1386 1700 1474 1749 sed
1510 1698 1663 1763 magis
1698 1708 1879 1749 utrum-

222 1797 320 1844 que
361 1782 762 1830 conlaudandum
798 1779 965 1840 videri,
1004 1782 1139 1844 quod
1176 1789 1362 1830 tantam
1400 1780 1498 1830 iam
1534 1790 1698 1830 essent
1733 1782 1880 1830 facul·
1903 1801 1954 1831 20

224 1871 375 1911 tatem
397 1862 579 1926 adepti,
606 1871 660 1911 ut
684 1878 785 1912 non
814 1861 1100 1925 aequalibus
1126 1862 1224 1911 suis
1258 1864 1418 1912 solum
1450 1871 1876 1926 anteponerentur,

226 1945 315 1993 sed
339 1960 452 1992 cum
478 1942 743 1992 maioribus
776 1951 894 1991 natu
926 1952 1322 2006 compararentur
1340 1942 1364 2015 ξξ
1390 1948 1579 2007 ‘neque
1610 1960 1725 1993 vero
1758 1942 1879 1992 mihi

225 2024 491 2088 quicquam
508 2023 696 2087 'inquit
723 2023 1087 2086 ‘praestabilius
1106 2024 1322 2085 videtur,
1309 2042 1482 2088 quam
1500 2041 1646 2088 posse
1665 2023 1881 2074 dicendo

224 2114 391 2155 tenere
415 2105 675 2155 hominum
702 2102 912 2171 [coetus]
940 2106 1131 2166 mentis,
1159 2106 1370 2156 adlicere
1395 2108 1686 2166 voluntates,
1712 2105 1881 2169 impel-

224 2186 323 2235 lere
358 2202 458 2249 quo
495 2184 623 2245 velit,
661 2187 795 2235 unde
829 2188 1145 2238 autemssvelit
1182 2190 1455 2238 deducere:
1509 2189 1632 2237 haec
1666 2203 1765 2236 una
1803 2202 1880 2235 res
1904 2196 1969 2245 25⁴

224 2266 277 2315 in
301 2265 438 2316 omni
467 2265 621 2316 libero
653 2269 840 2330 populo
874 2270 1183 2333 maximeque
1208 2270 1258 2320 in
1291 2269 1476 2334 pacatis
1510 2267 1881 2332 tranquillisque

226 2346 502 2396 civitatibus
549 2347 810 2412 praecipue
853 2366 1044 2413 semper
1092 2351 1254 2400 floruit
1296 2367 1587 2414 semperque
1628 2347 1883 2399 dominata

152 2449 201 2487 31
227 2437 312 2477 est.
387 2426 523 2490 Quid
555 2428 687 2477 enim
724 2438 797 2478 est
831 2440 915 2480 aut
951 2440 1051 2480 tam
1087 2431 1387 2492 admirabile,
1414 2448 1564 2495 quam
1600 2447 1659 2480 ex
1692 2427 1884 2479 infinita.

227 2507 541 2558 multitudine
565 2511 822 2560 hominum
857 2512 1083 2563 exsistere
1111 2531 1279 2573 unum,
1301 2512 1386 2576 qui
1409 2512 1475 2571 id,
1497 2511 1634 2575 quod
1651 2509 1883 2561 omnibus

227 2600 400 2639 natura
424 2591 484 2639 sit
509 2594 693 2653 datum,
720 2595 797 2642 vel
823 2595 955 2643 solus
980 2596 1057 2643 vel
1083 2610 1197 2643 cum
1221 2592 1477 2657 perpaucis
1501 2594 1660 2642 facere
1687 2589 1882 2654 possit?
1905 2600 1956 2641 30

227 2680 312 2720 aut
336 2681 436 2719 tam
469 2672 741 2722 iucundum
775 2674 974 2738 cognitu
1004 2684 1152 2738 atque
1182 2674 1366 2734 auditu,
1399 2690 1547 2737 quarn
1579 2669 1882 2735 sapientibus

229 2752 482 2802 sententiis
518 2755 843 2819 gravibusque
878 2755 1038 2805 verbis
1076 2764 1245 2804 ornata
1280 2754 1435 2804 oratio
1471 2762 1519 2803 et
1553 2751 1741 2816 polita?
1798 2758 1884 2800 aut
1916 2741 1920 2744 ⁴

284 2883 330 2922 M
345 2903 379 2917 =
392 2883 481 2922 HE
587 2897 612 2934 3
633 2891 755 2935 esset,
780 2885 943 2923 dicebat
960 2884 1011 2923 M
1025 2898 1033 2923 :
1064 2897 1159 2923 esse
1180 2884 1217 2923 L
1331 2895 1378 2922 11
1409 2881 1479 2921 illa
1497 2893 1578 2921 om.
1597 2879 1651 2919 M
1731 2892 1781 2929 14
1800 2877 1881 2930 eis]

229 2938 316 2977 suis
336 2938 409 2977 M:
452 2938 518 2977 his
538 2938 575 2977 L
756 2951 809 2986 24
838 2943 982 2977 coetus
1002 2951 1082 2978 om.
1108 2936 1162 2975 M
1189 2960 1192 2963 -
1336 2938 1390 2976 26
1417 2935 1599 2975 maxime
1619 2933 1672 2972 M
1829 2944 1884 2984 30

228 3005 374 3041 pauc1s
395 3005 439 3031 m
459 3004 545 3031 recc.
