<?xml version="1.0" encoding="UTF-8"?>
<!DOCTYPE html PUBLIC "-//W3C//DTD XHTML 1.0 Transitional//EN"
    "http://www.w3.org/TR/xhtml1/DTD/xhtml1-transitional.dtd">
<html xmlns="http://www.w3.org/1999/xhtml" xml:lang="en" lang="en">
 <head>
  <title>
</title>
<meta http-equiv="Content-Type" content="text/html;charset=utf-8" />
  <meta name='ocr-system' content='tesseract 3.04.00' />
  <meta name='ocr-capabilities' content='ocr_page ocr_carea ocr_par ocr_line ocrx_word'/>
</head>
<body>
  <div class='ocr_page' id='page_1' title='image "./rhetoricarecogno01ciceuoft_0126.png"; bbox 0 0 2150 3444; ppageno 0'>
   <div class='ocr_carea' id='block_1_1' title="bbox 84 151 1469 210">
    <p class='ocr_par' dir='ltr' id='par_1_1' title="bbox 84 151 1469 210">
     <span class='ocr_line' id='line_1_1' title="bbox 84 151 1469 210; baseline 0 -11"><span class='ocrx_word' id='word_1_1' title='bbox 84 162 247 210; x_wconf 73' lang='lat'><strong>33144</strong></span> <span class='ocrx_word' id='word_1_2' title='bbox 729 151 797 198; x_wconf 93' lang='lat' dir='ltr'><strong>M.</strong></span> <span class='ocrx_word' id='word_1_3' title='bbox 838 151 1048 198; x_wconf 89' lang='lat' dir='ltr'>TVLLI</span> <span class='ocrx_word' id='word_1_4' title='bbox 1088 151 1469 199; x_wconf 92' lang='lat' dir='ltr'>CICERONIS</span> 
     </span>
    </p>
   </div>
   <div class='ocr_carea' id='block_1_2' title="bbox 172 287 1931 433">
    <p class='ocr_par' dir='ltr' id='par_1_2' title="bbox 172 287 1931 433">
     <span class='ocr_line' id='line_1_2' title="bbox 172 287 1931 346; baseline 0.003 -11"><span class='ocrx_word' id='word_1_5' title='bbox 172 306 246 346; x_wconf 87' lang='lat'><strong>145</strong></span> <span class='ocrx_word' id='word_1_6' title='bbox 273 288 530 338; x_wconf 89' lang='lat' dir='ltr'><strong>beatorum</strong></span> <span class='ocrx_word' id='word_1_7' title='bbox 569 288 672 337; x_wconf 91' lang='lat' dir='ltr'><strong>otio</strong></span> <span class='ocrx_word' id='word_1_8' title='bbox 712 289 1075 338; x_wconf 88' lang='lat' dir='ltr'><strong>concedamus.&#39;</strong></span> <span class='ocrx_word' id='word_1_9' title='bbox 1160 287 1347 336; x_wconf 86' lang='lat' dir='ltr'><strong>Adrisit</strong></span> <span class='ocrx_word' id='word_1_10' title='bbox 1393 287 1474 336; x_wconf 88' lang='lat' dir='ltr'><strong>hic</strong></span> <span class='ocrx_word' id='word_1_11' title='bbox 1511 289 1716 340; x_wconf 84' lang='lat' dir='ltr'><strong>Crassus</strong></span> <span class='ocrx_word' id='word_1_12' title='bbox 1757 289 1931 340; x_wconf 86' lang='lat' dir='ltr'><strong>leniter</strong></span> 
     </span>
     <span class='ocr_line' id='line_1_3' title="bbox 271 367 1930 433; baseline 0.001 -14"><span class='ocrx_word' id='word_1_13' title='bbox 271 378 321 419; x_wconf 91' lang='lat' dir='ltr'><strong>et</strong></span> <span class='ocrx_word' id='word_1_14' title='bbox 359 373 586 433; x_wconf 90' lang='lat' dir='ltr'><strong>‘pertexe</strong></span> <span class='ocrx_word' id='word_1_15' title='bbox 622 370 805 429; x_wconf 91' lang='lat' dir='ltr'><strong>modo,&#39;</strong></span> <span class='ocrx_word' id='word_1_16' title='bbox 841 368 1001 432; x_wconf 90' lang='lat' dir='ltr'><strong>inquit</strong></span> <span class='ocrx_word' id='word_1_17' title='bbox 1039 367 1267 427; x_wconf 89' lang='lat' dir='ltr'><strong>‘Antoni,</strong></span> <span class='ocrx_word' id='word_1_18' title='bbox 1308 369 1444 431; x_wconf 92' lang='lat' dir='ltr'><strong>quod</strong></span> <span class='ocrx_word' id='word_1_19' title='bbox 1485 385 1684 419; x_wconf 89' lang='lat' dir='ltr'><strong>exorsus</strong></span> <span class='ocrx_word' id='word_1_20' title='bbox 1718 387 1802 432; x_wconf 81' lang='lat' dir='ltr'><strong>es3</strong></span> <span class='ocrx_word' id='word_1_21' title='bbox 1847 387 1930 420; x_wconf 89' lang='lat' dir='ltr'><strong>me</strong></span> 
     </span>
    </p>
   </div>
   <div class='ocr_carea' id='block_1_3' title="bbox 271 449 1931 591">
    <p class='ocr_par' dir='ltr' id='par_1_3' title="bbox 271 449 1931 591">
     <span class='ocr_line' id='line_1_4' title="bbox 271 449 1931 513; baseline 0.001 -14"><span class='ocrx_word' id='word_1_22' title='bbox 271 458 438 499; x_wconf 87' lang='lat' dir='ltr'><strong>tamen</strong></span> <span class='ocrx_word' id='word_1_23' title='bbox 484 450 577 499; x_wconf 87' lang='lat' dir='ltr'><strong>ista</strong></span> <span class='ocrx_word' id='word_1_24' title='bbox 623 449 837 498; x_wconf 88' lang='lat' dir='ltr'><strong>oscitans</strong></span> <span class='ocrx_word' id='word_1_25' title='bbox 885 449 1137 513; x_wconf 84' lang='lat' dir='ltr'>sapientia,</span> <span class='ocrx_word' id='word_1_26' title='bbox 1179 449 1325 498; x_wconf 88' lang='lat' dir='ltr'><strong>simul</strong></span> <span class='ocrx_word' id='word_1_27' title='bbox 1370 458 1519 513; x_wconf 86' lang='lat' dir='ltr'><strong>atque</strong></span> <span class='ocrx_word' id='word_1_28' title='bbox 1559 451 1624 499; x_wconf 90' lang='lat' dir='ltr'><strong>ad</strong></span> <span class='ocrx_word' id='word_1_29' title='bbox 1669 467 1779 500; x_wconf 89' lang='lat' dir='ltr'><strong>eam</strong></span> <span class='ocrx_word' id='word_1_30' title='bbox 1817 467 1931 501; x_wconf 92' lang='lat' dir='ltr'><strong>con-</strong></span> 
     </span>
     <span class='ocr_line' id='line_1_5' title="bbox 272 526 1155 591; baseline 0 -16"><span class='ocrx_word' id='word_1_31' title='bbox 272 529 454 591; x_wconf 85' lang='lat' dir='ltr'>fugero,</span> <span class='ocrx_word' id='word_1_32' title='bbox 481 527 532 576; x_wconf 90' lang='lat' dir='ltr'><strong>in</strong></span> <span class='ocrx_word' id='word_1_33' title='bbox 556 526 831 576; x_wconf 90' lang='lat' dir='ltr'><strong>libertatem</strong></span> <span class='ocrx_word' id='word_1_34' title='bbox 855 526 1155 576; x_wconf 87' lang='lat' dir='ltr'><strong>vindicabit.&#39;</strong></span> 
     </span>
    </p>
   </div>
   <div class='ocr_carea' id='block_1_4' title="bbox 172 606 2080 2770">
    <p class='ocr_par' dir='ltr' id='par_1_4' title="bbox 186 606 2020 1238">
     <span class='ocr_line' id='line_1_6' title="bbox 186 606 1976 669; baseline 0.002 -15"><span class='ocrx_word' id='word_1_35' title='bbox 186 613 250 659; x_wconf 88' lang='lat'><strong>34</strong></span> <span class='ocrx_word' id='word_1_36' title='bbox 347 606 544 655; x_wconf 89' lang='lat' dir='ltr'><strong>‘Huius</strong></span> <span class='ocrx_word' id='word_1_37' title='bbox 581 606 784 669; x_wconf 90' lang='lat' dir='ltr'><strong>quidem</strong></span> <span class='ocrx_word' id='word_1_38' title='bbox 821 606 931 666; x_wconf 90' lang='lat' dir='ltr'><strong>loci,</strong></span> <span class='ocrx_word' id='word_1_39' title='bbox 970 623 1117 669; x_wconf 89' lang='lat' dir='ltr'><strong>quem</strong></span> <span class='ocrx_word' id='word_1_40' title='bbox 1155 608 1308 656; x_wconf 91' lang='lat' dir='ltr'><strong>modo</strong></span> <span class='ocrx_word' id='word_1_41' title='bbox 1347 623 1455 656; x_wconf 92' lang='lat' dir='ltr'><strong>sum</strong></span> <span class='ocrx_word' id='word_1_42' title='bbox 1492 623 1704 667; x_wconf 85' lang='lat' dir='ltr'><strong>exorsuS,</strong></span> <span class='ocrx_word' id='word_1_43' title='bbox 1741 606 1824 657; x_wconf 88' lang='lat' dir='ltr'><strong>hic</strong></span> <span class='ocrx_word' id='word_1_44' title='bbox 1857 616 1976 660; x_wconf 81' lang='lat' dir='ltr'><strong>ests</strong></span> 
     </span>
     <span class='ocr_line' id='line_1_7' title="bbox 272 686 1931 751; baseline 0.001 -16"><span class='ocrx_word' id='word_1_45' title='bbox 272 686 413 746; x_wconf 90' lang='lat' dir='ltr'><strong>finis,&#39;</strong></span> <span class='ocrx_word' id='word_1_46' title='bbox 458 686 619 750; x_wconf 89' lang='lat' dir='ltr'><strong>inquit</strong></span> <span class='ocrx_word' id='word_1_47' title='bbox 665 686 913 735; x_wconf 92' lang='lat' dir='ltr'><strong>Antonius</strong></span> <span class='ocrx_word' id='word_1_48' title='bbox 932 704 946 747; x_wconf 70' lang='grc' dir='ltr'><em>ς</em></span> <span class='ocrx_word' id='word_1_49' title='bbox 1008 686 1270 749; x_wconf 90' lang='lat' dir='ltr'><strong>‘quoniam</strong></span> <span class='ocrx_word' id='word_1_50' title='bbox 1326 687 1685 751; x_wconf 84' lang='lat' dir='ltr'><strong>intellegeretur</strong></span> <span class='ocrx_word' id='word_1_51' title='bbox 1730 703 1834 736; x_wconf 89' lang='lat' dir='ltr'><strong>non</strong></span> <span class='ocrx_word' id='word_1_52' title='bbox 1877 686 1931 736; x_wconf 89' lang='lat' dir='ltr'><strong>in</strong></span> 
     </span>
     <span class='ocr_line' id='line_1_8' title="bbox 271 765 1933 833; baseline 0.002 -18"><span class='ocrx_word' id='word_1_53' title='bbox 271 767 530 817; x_wconf 90' lang='lat' dir='ltr'><strong>hominum</strong></span> <span class='ocrx_word' id='word_1_54' title='bbox 555 767 997 816; x_wconf 84' lang='lat' dir='ltr'><strong>innumerabilibus</strong></span> <span class='ocrx_word' id='word_1_55' title='bbox 1021 765 1242 830; x_wconf 87' lang='lat' dir='ltr'><strong>personis</strong></span> <span class='ocrx_word' id='word_1_56' title='bbox 1267 785 1430 831; x_wconf 92' lang='lat' dir='ltr'><strong>neque</strong></span> <span class='ocrx_word' id='word_1_57' title='bbox 1454 769 1505 817; x_wconf 91' lang='lat' dir='ltr'><strong>in</strong></span> <span class='ocrx_word' id='word_1_58' title='bbox 1529 768 1721 818; x_wconf 91' lang='lat' dir='ltr'><strong>infinita</strong></span> <span class='ocrx_word' id='word_1_59' title='bbox 1744 777 1933 833; x_wconf 90' lang='lat' dir='ltr'><strong>tempo·</strong></span> 
     </span>
     <span class='ocr_line' id='line_1_9' title="bbox 270 848 1932 913; baseline 0.001 -17"><span class='ocrx_word' id='word_1_60' title='bbox 270 866 380 897; x_wconf 89' lang='lat' dir='ltr'><strong>rum</strong></span> <span class='ocrx_word' id='word_1_61' title='bbox 408 848 651 907; x_wconf 88' lang='lat' dir='ltr'><strong>varietate,</strong></span> <span class='ocrx_word' id='word_1_62' title='bbox 684 849 774 897; x_wconf 91' lang='lat' dir='ltr'><strong>sed</strong></span> <span class='ocrx_word' id='word_1_63' title='bbox 808 848 859 896; x_wconf 93' lang='lat' dir='ltr'><strong>in</strong></span> <span class='ocrx_word' id='word_1_64' title='bbox 893 865 1130 911; x_wconf 86' lang='lat' dir='ltr'><strong>generum</strong></span> <span class='ocrx_word' id='word_1_65' title='bbox 1166 849 1325 898; x_wconf 90' lang='lat' dir='ltr'><strong>causis</strong></span> <span class='ocrx_word' id='word_1_66' title='bbox 1361 859 1510 913; x_wconf 89' lang='lat' dir='ltr'><strong>atque</strong></span> <span class='ocrx_word' id='word_1_67' title='bbox 1544 849 1728 899; x_wconf 88' lang='lat' dir='ltr'><strong>naturis</strong></span> <span class='ocrx_word' id='word_1_68' title='bbox 1763 849 1932 899; x_wconf 90' lang='lat' dir='ltr'><strong>omnia</strong></span> 
     </span>
     <span class='ocr_line' id='line_1_10' title="bbox 271 930 1931 996; baseline 0.002 -17"><span class='ocrx_word' id='word_1_69' title='bbox 271 930 364 979; x_wconf 88' lang='lat' dir='ltr'><strong>sita</strong></span> <span class='ocrx_word' id='word_1_70' title='bbox 400 947 520 990; x_wconf 90' lang='lat' dir='ltr'><strong>esse,</strong></span> <span class='ocrx_word' id='word_1_71' title='bbox 560 947 688 993; x_wconf 90' lang='lat' dir='ltr'><strong>quae</strong></span> <span class='ocrx_word' id='word_1_72' title='bbox 724 930 777 978; x_wconf 92' lang='lat' dir='ltr'><strong>in</strong></span> <span class='ocrx_word' id='word_1_73' title='bbox 817 930 1026 978; x_wconf 89' lang='lat' dir='ltr'><strong>dubium</strong></span> <span class='ocrx_word' id='word_1_74' title='bbox 1061 941 1363 992; x_wconf 90' lang='lat' dir='ltr'><strong>vocarentur,</strong></span> <span class='ocrx_word' id='word_1_75' title='bbox 1403 949 1581 996; x_wconf 88' lang='lat' dir='ltr'><strong>genera</strong></span> <span class='ocrx_word' id='word_1_76' title='bbox 1617 942 1782 983; x_wconf 91' lang='lat' dir='ltr'><strong>autem</strong></span> <span class='ocrx_word' id='word_1_77' title='bbox 1823 950 1931 983; x_wconf 91' lang='lat' dir='ltr'><strong>esse</strong></span> 
     </span>
     <span class='ocr_line' id='line_1_11' title="bbox 270 1012 2020 1078; baseline 0.002 -17"><span class='ocrx_word' id='word_1_78' title='bbox 270 1012 473 1061; x_wconf 90' lang='lat' dir='ltr'><strong>definita</strong></span> <span class='ocrx_word' id='word_1_79' title='bbox 510 1029 613 1061; x_wconf 93' lang='lat' dir='ltr'><strong>non</strong></span> <span class='ocrx_word' id='word_1_80' title='bbox 651 1014 812 1060; x_wconf 92' lang='lat' dir='ltr'><strong>solum</strong></span> <span class='ocrx_word' id='word_1_81' title='bbox 849 1029 1071 1071; x_wconf 91' lang='lat' dir='ltr'><strong>numero,</strong></span> <span class='ocrx_word' id='word_1_82' title='bbox 1109 1015 1197 1061; x_wconf 93' lang='lat' dir='ltr'><strong>sed</strong></span> <span class='ocrx_word' id='word_1_83' title='bbox 1239 1014 1387 1062; x_wconf 90' lang='lat' dir='ltr'><strong>etiam</strong></span> <span class='ocrx_word' id='word_1_84' title='bbox 1427 1014 1685 1078; x_wconf 85' lang='lat' dir='ltr'><strong>paucitate,</strong></span> <span class='ocrx_word' id='word_1_85' title='bbox 1725 1023 1780 1063; x_wconf 93' lang='lat' dir='ltr'><strong>ut</strong></span> <span class='ocrx_word' id='word_1_86' title='bbox 1819 1031 1929 1064; x_wconf 91' lang='lat' dir='ltr'><strong>eam</strong></span> <span class='ocrx_word' id='word_1_87' title='bbox 1958 1029 2020 1057; x_wconf 78' lang='lat'><strong>10·</strong></span> 
     </span>
     <span class='ocr_line' id='line_1_12' title="bbox 270 1092 1931 1158; baseline 0.002 -18"><span class='ocrx_word' id='word_1_88' title='bbox 270 1092 523 1142; x_wconf 89' lang='lat' dir='ltr'><strong>materiem</strong></span> <span class='ocrx_word' id='word_1_89' title='bbox 564 1092 811 1152; x_wconf 85' lang='lat' dir='ltr'><strong>orationiS,</strong></span> <span class='ocrx_word' id='word_1_90' title='bbox 854 1109 982 1155; x_wconf 91' lang='lat' dir='ltr'><strong>quae</strong></span> <span class='ocrx_word' id='word_1_91' title='bbox 1019 1092 1260 1156; x_wconf 90' lang='lat' dir='ltr'><strong>cuiusque</strong></span> <span class='ocrx_word' id='word_1_92' title='bbox 1305 1103 1434 1143; x_wconf 90' lang='lat' dir='ltr'><strong>esset</strong></span> <span class='ocrx_word' id='word_1_93' title='bbox 1479 1094 1683 1158; x_wconf 90' lang='lat' dir='ltr'><strong>generis,</strong></span> <span class='ocrx_word' id='word_1_94' title='bbox 1723 1094 1931 1144; x_wconf 90' lang='lat' dir='ltr'><strong>studiosi</strong></span> 
     </span>
     <span class='ocr_line' id='line_1_13' title="bbox 269 1172 1932 1238; baseline 0.001 -16"><span class='ocrx_word' id='word_1_95' title='bbox 269 1174 355 1237; x_wconf 90' lang='lat' dir='ltr'><strong>qui</strong></span> <span class='ocrx_word' id='word_1_96' title='bbox 402 1181 565 1224; x_wconf 89' lang='lat' dir='ltr'><strong>essent</strong></span> <span class='ocrx_word' id='word_1_97' title='bbox 605 1172 820 1233; x_wconf 91' lang='lat' dir='ltr'><strong>dicendi,</strong></span> <span class='ocrx_word' id='word_1_98' title='bbox 864 1172 1097 1222; x_wconf 91' lang='lat' dir='ltr'><strong>omnibus</strong></span> <span class='ocrx_word' id='word_1_99' title='bbox 1137 1173 1259 1223; x_wconf 91' lang='lat' dir='ltr'><strong>locis</strong></span> <span class='ocrx_word' id='word_1_100' title='bbox 1306 1174 1605 1238; x_wconf 87' lang='lat' dir='ltr'><strong>discriptam,</strong></span> <span class='ocrx_word' id='word_1_101' title='bbox 1644 1174 1932 1224; x_wconf 87' lang='lat' dir='ltr'><strong>instructam</strong></span> 
     </span>
    </p>

    <p class='ocr_par' dir='ltr' id='par_1_5' title="bbox 172 1255 1934 1400">
     <span class='ocr_line' id='line_1_14' title="bbox 172 1255 1934 1317; baseline 0.001 -14"><span class='ocrx_word' id='word_1_102' title='bbox 172 1258 248 1315; x_wconf 87' lang='lat'><strong>146</strong></span> <span class='ocrx_word' id='word_1_103' title='bbox 270 1263 591 1317; x_wconf 88' lang='lat' dir='ltr'><strong>ornatamque</strong></span> <span class='ocrx_word' id='word_1_104' title='bbox 620 1255 1110 1317; x_wconf 90' lang='lat' dir='ltr'><strong>comprehenderent,</strong></span> <span class='ocrx_word' id='word_1_105' title='bbox 1136 1256 1284 1304; x_wconf 92' lang='lat' dir='ltr'><strong>rebus</strong></span> <span class='ocrx_word' id='word_1_106' title='bbox 1307 1255 1422 1305; x_wconf 90' lang='lat' dir='ltr'><strong>dico</strong></span> <span class='ocrx_word' id='word_1_107' title='bbox 1445 1264 1494 1305; x_wconf 90' lang='lat' dir='ltr'><strong>et</strong></span> <span class='ocrx_word' id='word_1_108' title='bbox 1518 1255 1785 1305; x_wconf 90' lang='lat' dir='ltr'><strong>sententiis.</strong></span> <span class='ocrx_word' id='word_1_109' title='bbox 1859 1257 1934 1304; x_wconf 92' lang='lat' dir='ltr'><strong>Ea</strong></span> 
     </span>
     <span class='ocr_line' id='line_1_15' title="bbox 267 1334 1931 1400; baseline 0.001 -17"><span class='ocrx_word' id='word_1_110' title='bbox 267 1334 316 1384; x_wconf 91' lang='lat' dir='ltr'><strong>vi</strong></span> <span class='ocrx_word' id='word_1_111' title='bbox 340 1351 428 1384; x_wconf 87' lang='lat' dir='ltr'><strong>sua</strong></span> <span class='ocrx_word' id='word_1_112' title='bbox 451 1334 600 1384; x_wconf 86' lang='lat' dir='ltr'><strong>verba</strong></span> <span class='ocrx_word' id='word_1_113' title='bbox 623 1334 827 1398; x_wconf 88' lang='lat' dir='ltr'><strong>parient,</strong></span> <span class='ocrx_word' id='word_1_114' title='bbox 855 1351 983 1398; x_wconf 89' lang='lat' dir='ltr'><strong>quae</strong></span> <span class='ocrx_word' id='word_1_115' title='bbox 1015 1351 1209 1399; x_wconf 90' lang='lat' dir='ltr'><strong>semper</strong></span> <span class='ocrx_word' id='word_1_116' title='bbox 1240 1335 1356 1385; x_wconf 90' lang='lat' dir='ltr'><strong>satis</strong></span> <span class='ocrx_word' id='word_1_117' title='bbox 1385 1345 1556 1386; x_wconf 89' lang='lat' dir='ltr'><strong>ornata</strong></span> <span class='ocrx_word' id='word_1_118' title='bbox 1582 1335 1705 1385; x_wconf 91' lang='lat' dir='ltr'><strong>mihi</strong></span> <span class='ocrx_word' id='word_1_119' title='bbox 1728 1335 1931 1400; x_wconf 92' lang='lat' dir='ltr'><strong>quidem</strong></span> 
     </span>
    </p>

    <p class='ocr_par' dir='ltr' id='par_1_6' title="bbox 194 1413 2008 2209">
     <span class='ocr_line' id='line_1_16' title="bbox 194 1413 2006 1482; baseline 0.002 -19"><span class='ocrx_word' id='word_1_120' title='bbox 194 1413 202 1418; x_wconf 82' lang='grc'><strong>’</strong></span> <span class='ocrx_word' id='word_1_121' title='bbox 267 1414 419 1464; x_wconf 91' lang='lat' dir='ltr'><strong>videri</strong></span> <span class='ocrx_word' id='word_1_122' title='bbox 456 1417 630 1475; x_wconf 91' lang='lat' dir='ltr'><strong>solent,</strong></span> <span class='ocrx_word' id='word_1_123' title='bbox 668 1415 710 1464; x_wconf 92' lang='lat' dir='ltr'><strong>si</strong></span> <span class='ocrx_word' id='word_1_124' title='bbox 745 1415 850 1465; x_wconf 91' lang='lat' dir='ltr'><strong>eius</strong></span> <span class='ocrx_word' id='word_1_125' title='bbox 891 1415 1028 1466; x_wconf 90' lang='lat' dir='ltr'><strong>modi</strong></span> <span class='ocrx_word' id='word_1_126' title='bbox 1070 1426 1198 1477; x_wconf 92' lang='lat' dir='ltr'><strong>sunt,</strong></span> <span class='ocrx_word' id='word_1_127' title='bbox 1235 1425 1291 1466; x_wconf 89' lang='lat' dir='ltr'><strong>ut</strong></span> <span class='ocrx_word' id='word_1_128' title='bbox 1330 1434 1390 1467; x_wconf 88' lang='lat' dir='ltr'><strong>ea</strong></span> <span class='ocrx_word' id='word_1_129' title='bbox 1428 1434 1504 1467; x_wconf 90' lang='lat' dir='ltr'><strong>res</strong></span> <span class='ocrx_word' id='word_1_130' title='bbox 1544 1417 1650 1482; x_wconf 86' lang='lat' dir='ltr'><strong>ipsa</strong></span> <span class='ocrx_word' id='word_1_131' title='bbox 1683 1416 1931 1482; x_wconf 86' lang='lat' dir='ltr'><strong>peperisse</strong></span> <span class='ocrx_word' id='word_1_132' title='bbox 1958 1431 2006 1472; x_wconf 84' lang='lat'><strong>15</strong></span> 
     </span>
     <span class='ocr_line' id='line_1_17' title="bbox 266 1495 1933 1562; baseline 0 -16"><span class='ocrx_word' id='word_1_133' title='bbox 266 1495 489 1546; x_wconf 90' lang='lat' dir='ltr'><strong>videatur</strong></span> <span class='ocrx_word' id='word_1_134' title='bbox 508 1513 522 1557; x_wconf 89' lang='lat'>;</span> <span class='ocrx_word' id='word_1_135' title='bbox 556 1513 615 1545; x_wconf 87' lang='lat' dir='ltr'><strong>ac</strong></span> <span class='ocrx_word' id='word_1_136' title='bbox 640 1495 681 1545; x_wconf 93' lang='lat' dir='ltr'><strong>si</strong></span> <span class='ocrx_word' id='word_1_137' title='bbox 704 1513 874 1546; x_wconf 91' lang='lat' dir='ltr'><strong>verum</strong></span> <span class='ocrx_word' id='word_1_138' title='bbox 899 1497 1143 1560; x_wconf 90' lang='lat' dir='ltr'><strong>quaeritis,</strong></span> <span class='ocrx_word' id='word_1_139' title='bbox 1171 1499 1309 1561; x_wconf 91' lang='lat' dir='ltr'><strong>quod</strong></span> <span class='ocrx_word' id='word_1_140' title='bbox 1337 1497 1459 1547; x_wconf 91' lang='lat' dir='ltr'><strong>mihi</strong></span> <span class='ocrx_word' id='word_1_141' title='bbox 1483 1497 1686 1562; x_wconf 91' lang='lat' dir='ltr'><strong>quidem</strong></span> <span class='ocrx_word' id='word_1_142' title='bbox 1710 1497 1933 1548; x_wconf 85' lang='lat' dir='ltr'><strong>videatur</strong></span> 
     </span>
     <span class='ocr_line' id='line_1_18' title="bbox 267 1576 1933 1642; baseline 0.001 -16"><span class='ocrx_word' id='word_1_143' title='bbox 267 1577 457 1626; x_wconf 85' lang='lat' dir='ltr'><strong>—nihil</strong></span> <span class='ocrx_word' id='word_1_144' title='bbox 504 1576 638 1627; x_wconf 92' lang='lat' dir='ltr'><strong>enim</strong></span> <span class='ocrx_word' id='word_1_145' title='bbox 684 1577 819 1627; x_wconf 89' lang='lat' dir='ltr'><strong>aliud</strong></span> <span class='ocrx_word' id='word_1_146' title='bbox 858 1579 1124 1628; x_wconf 83' lang='lat' dir='ltr'><strong>adfirmare</strong></span> <span class='ocrx_word' id='word_1_147' title='bbox 1169 1595 1373 1642; x_wconf 92' lang='lat' dir='ltr'><strong>possum</strong></span> <span class='ocrx_word' id='word_1_148' title='bbox 1419 1578 1514 1628; x_wconf 90' lang='lat' dir='ltr'><strong>nisi</strong></span> <span class='ocrx_word' id='word_1_149' title='bbox 1551 1578 1846 1629; x_wconf 88' lang='lat' dir='ltr'><strong>sententiam</strong></span> <span class='ocrx_word' id='word_1_150' title='bbox 1883 1586 1933 1628; x_wconf 89' lang='lat' dir='ltr'><strong>et</strong></span> 
     </span>
     <span class='ocr_line' id='line_1_19' title="bbox 268 1658 1932 1724; baseline 0 -16"><span class='ocrx_word' id='word_1_151' title='bbox 268 1658 556 1723; x_wconf 91' lang='lat' dir='ltr'><strong>opinionem</strong></span> <span class='ocrx_word' id='word_1_152' title='bbox 581 1659 911 1708; x_wconf 87' lang='lat' dir='ltr'><strong>meam—hoc</strong></span> <span class='ocrx_word' id='word_1_153' title='bbox 935 1658 1315 1710; x_wconf 89' lang='lat' dir='ltr'><strong>instrumentum</strong></span> <span class='ocrx_word' id='word_1_154' title='bbox 1345 1677 1600 1710; x_wconf 88' lang='lat' dir='ltr'><strong>causarum</strong></span> <span class='ocrx_word' id='word_1_155' title='bbox 1625 1668 1675 1710; x_wconf 88' lang='lat' dir='ltr'><strong>et</strong></span> <span class='ocrx_word' id='word_1_156' title='bbox 1697 1676 1932 1724; x_wconf 90' lang='lat' dir='ltr'><strong>generum</strong></span> 
     </span>
     <span class='ocr_line' id='line_1_20' title="bbox 269 1739 1932 1804; baseline -0.001 -15"><span class='ocrx_word' id='word_1_157' title='bbox 269 1740 607 1790; x_wconf 93' lang='lat' dir='ltr'><strong>universorum</strong></span> <span class='ocrx_word' id='word_1_158' title='bbox 639 1739 691 1788; x_wconf 90' lang='lat' dir='ltr'><strong>in</strong></span> <span class='ocrx_word' id='word_1_159' title='bbox 726 1742 887 1789; x_wconf 90' lang='lat' dir='ltr'><strong>forum</strong></span> <span class='ocrx_word' id='word_1_160' title='bbox 923 1741 1112 1790; x_wconf 93' lang='lat' dir='ltr'><strong>deferre</strong></span> <span class='ocrx_word' id='word_1_161' title='bbox 1143 1741 1384 1791; x_wconf 92' lang='lat' dir='ltr'><strong>debemus</strong></span> <span class='ocrx_word' id='word_1_162' title='bbox 1416 1758 1592 1804; x_wconf 88' lang='lat' dir='ltr'><strong>neque,</strong></span> <span class='ocrx_word' id='word_1_163' title='bbox 1623 1749 1678 1790; x_wconf 89' lang='lat' dir='ltr'><strong>ut</strong></span> <span class='ocrx_word' id='word_1_164' title='bbox 1705 1754 1932 1803; x_wconf 89' lang='lat' dir='ltr'><strong>quaeque</strong></span> 
     </span>
     <span class='ocr_line' id='line_1_21' title="bbox 270 1820 2008 1885; baseline -0.001 -15"><span class='ocrx_word' id='word_1_165' title='bbox 270 1838 346 1870; x_wconf 92' lang='lat' dir='ltr'><strong>res</strong></span> <span class='ocrx_word' id='word_1_166' title='bbox 370 1822 532 1870; x_wconf 89' lang='lat' dir='ltr'><strong>delata</strong></span> <span class='ocrx_word' id='word_1_167' title='bbox 555 1822 619 1870; x_wconf 92' lang='lat' dir='ltr'><strong>ad</strong></span> <span class='ocrx_word' id='word_1_168' title='bbox 643 1837 734 1870; x_wconf 91' lang='lat' dir='ltr'><strong>nos</strong></span> <span class='ocrx_word' id='word_1_169' title='bbox 760 1820 862 1880; x_wconf 91' lang='lat' dir='ltr'><strong>erit,</strong></span> <span class='ocrx_word' id='word_1_170' title='bbox 889 1829 995 1869; x_wconf 93' lang='lat' dir='ltr'><strong>tum</strong></span> <span class='ocrx_word' id='word_1_171' title='bbox 1020 1821 1236 1885; x_wconf 90' lang='lat' dir='ltr'><strong>denique</strong></span> <span class='ocrx_word' id='word_1_172' title='bbox 1260 1821 1460 1871; x_wconf 86' lang='lat' dir='ltr'><strong>scrutari</strong></span> <span class='ocrx_word' id='word_1_173' title='bbox 1491 1823 1642 1881; x_wconf 91' lang='lat' dir='ltr'><strong>locos,</strong></span> <span class='ocrx_word' id='word_1_174' title='bbox 1668 1838 1728 1871; x_wconf 89' lang='lat' dir='ltr'><strong>ex</strong></span> <span class='ocrx_word' id='word_1_175' title='bbox 1751 1820 1931 1883; x_wconf 91' lang='lat' dir='ltr'><strong>quibus</strong></span> <span class='ocrx_word' id='word_1_176' title='bbox 1956 1835 2008 1864; x_wconf 82' lang='lat'><strong>20</strong></span> 
     </span>
     <span class='ocr_line' id='line_1_22' title="bbox 270 1899 1933 1966; baseline -0.001 -15"><span class='ocrx_word' id='word_1_177' title='bbox 270 1910 557 1966; x_wconf 88' lang='lat' dir='ltr'><strong>argumenta</strong></span> <span class='ocrx_word' id='word_1_178' title='bbox 580 1917 807 1950; x_wconf 89' lang='lat' dir='ltr'><strong>eruamus</strong></span> <span class='ocrx_word' id='word_1_179' title='bbox 823 1919 838 1962; x_wconf 81' lang='lat'><em>3</em></span> <span class='ocrx_word' id='word_1_180' title='bbox 878 1918 1006 1964; x_wconf 88' lang='lat' dir='ltr'><strong>quae</strong></span> <span class='ocrx_word' id='word_1_181' title='bbox 1034 1901 1237 1964; x_wconf 91' lang='lat' dir='ltr'><strong>quidem</strong></span> <span class='ocrx_word' id='word_1_182' title='bbox 1270 1902 1514 1962; x_wconf 83' lang='lat' dir='ltr'><strong>omnibuS‚</strong></span> <span class='ocrx_word' id='word_1_183' title='bbox 1542 1901 1627 1965; x_wconf 89' lang='lat' dir='ltr'><strong>qui</strong></span> <span class='ocrx_word' id='word_1_184' title='bbox 1658 1918 1718 1951; x_wconf 89' lang='lat' dir='ltr'><strong>ea</strong></span> <span class='ocrx_word' id='word_1_185' title='bbox 1747 1899 1933 1951; x_wconf 93' lang='lat' dir='ltr'><strong>medio·</strong></span> 
     </span>
     <span class='ocr_line' id='line_1_23' title="bbox 271 1981 1934 2046; baseline -0.001 -14"><span class='ocrx_word' id='word_1_186' title='bbox 271 1982 414 2032; x_wconf 90' lang='lat' dir='ltr'><strong>criter</strong></span> <span class='ocrx_word' id='word_1_187' title='bbox 437 1984 589 2031; x_wconf 91' lang='lat' dir='ltr'><strong>modo</strong></span> <span class='ocrx_word' id='word_1_188' title='bbox 614 1981 981 2041; x_wconf 89' lang='lat' dir='ltr'><strong>considerarint,</strong></span> <span class='ocrx_word' id='word_1_189' title='bbox 1009 1982 1175 2031; x_wconf 89' lang='lat' dir='ltr'><strong>studio</strong></span> <span class='ocrx_word' id='word_1_190' title='bbox 1202 1982 1426 2032; x_wconf 92' lang='lat' dir='ltr'><strong>adhibito</strong></span> <span class='ocrx_word' id='word_1_191' title='bbox 1449 1991 1499 2031; x_wconf 92' lang='lat' dir='ltr'><strong>et</strong></span> <span class='ocrx_word' id='word_1_192' title='bbox 1522 1999 1614 2031; x_wconf 92' lang='lat' dir='ltr'><strong>usu</strong></span> <span class='ocrx_word' id='word_1_193' title='bbox 1642 1990 1934 2046; x_wconf 87' lang='lat' dir='ltr'><strong>pertractata</strong></span> 
     </span>
     <span class='ocr_line' id='line_1_24' title="bbox 272 2062 1935 2127; baseline -0.001 -14"><span class='ocrx_word' id='word_1_194' title='bbox 272 2079 380 2113; x_wconf 92' lang='lat' dir='ltr'><strong>esse</strong></span> <span class='ocrx_word' id='word_1_195' title='bbox 403 2071 640 2127; x_wconf 87' lang='lat' dir='ltr'><strong>possunt;</strong></span> <span class='ocrx_word' id='word_1_196' title='bbox 676 2064 765 2112; x_wconf 92' lang='lat' dir='ltr'><strong>sed</strong></span> <span class='ocrx_word' id='word_1_197' title='bbox 790 2071 957 2111; x_wconf 90' lang='lat' dir='ltr'><strong>tamen</strong></span> <span class='ocrx_word' id='word_1_198' title='bbox 980 2062 1177 2111; x_wconf 93' lang='lat' dir='ltr'><strong>animus</strong></span> <span class='ocrx_word' id='word_1_199' title='bbox 1199 2064 1481 2112; x_wconf 90' lang='lat' dir='ltr'><strong>referendus</strong></span> <span class='ocrx_word' id='word_1_200' title='bbox 1506 2071 1579 2112; x_wconf 91' lang='lat' dir='ltr'><strong>est</strong></span> <span class='ocrx_word' id='word_1_201' title='bbox 1602 2064 1667 2112; x_wconf 91' lang='lat' dir='ltr'><strong>ad</strong></span> <span class='ocrx_word' id='word_1_202' title='bbox 1691 2079 1750 2112; x_wconf 89' lang='lat' dir='ltr'><strong>ea</strong></span> <span class='ocrx_word' id='word_1_203' title='bbox 1773 2062 1935 2127; x_wconf 89' lang='lat' dir='ltr'><strong>capita</strong></span> 
     </span>
     <span class='ocr_line' id='line_1_25' title="bbox 272 2143 1935 2209; baseline -0.001 -14"><span class='ocrx_word' id='word_1_204' title='bbox 272 2154 322 2195; x_wconf 90' lang='lat' dir='ltr'><strong>et</strong></span> <span class='ocrx_word' id='word_1_205' title='bbox 367 2147 431 2195; x_wconf 89' lang='lat' dir='ltr'><strong>ad</strong></span> <span class='ocrx_word' id='word_1_206' title='bbox 468 2145 591 2205; x_wconf 92' lang='lat' dir='ltr'><strong>illos,</strong></span> <span class='ocrx_word' id='word_1_207' title='bbox 636 2161 762 2208; x_wconf 91' lang='lat' dir='ltr'><strong>quos</strong></span> <span class='ocrx_word' id='word_1_208' title='bbox 811 2161 958 2208; x_wconf 90' lang='lat' dir='ltr'><strong>saepe</strong></span> <span class='ocrx_word' id='word_1_209' title='bbox 1003 2144 1102 2194; x_wconf 91' lang='lat' dir='ltr'><strong>iam</strong></span> <span class='ocrx_word' id='word_1_210' title='bbox 1149 2144 1408 2209; x_wconf 87' lang='lat' dir='ltr'><strong>appellavi,</strong></span> <span class='ocrx_word' id='word_1_211' title='bbox 1447 2146 1598 2204; x_wconf 89' lang='lat' dir='ltr'><strong>locos,</strong></span> <span class='ocrx_word' id='word_1_212' title='bbox 1647 2161 1708 2193; x_wconf 89' lang='lat' dir='ltr'><strong>ex</strong></span> <span class='ocrx_word' id='word_1_213' title='bbox 1753 2143 1935 2207; x_wconf 92' lang='lat' dir='ltr'><strong>quibus</strong></span> 
     </span>
    </p>

    <p class='ocr_par' dir='ltr' id='par_1_7' title="bbox 173 2225 2080 2612">
     <span class='ocr_line' id='line_1_26' title="bbox 173 2225 2080 2293; baseline -0.002 -20"><span class='ocrx_word' id='word_1_214' title='bbox 173 2239 249 2284; x_wconf 81' lang='lat'><strong>147</strong></span> <span class='ocrx_word' id='word_1_215' title='bbox 273 2226 440 2276; x_wconf 90' lang='lat' dir='ltr'><strong>omnia</strong></span> <span class='ocrx_word' id='word_1_216' title='bbox 474 2228 537 2276; x_wconf 91' lang='lat' dir='ltr'><strong>ad</strong></span> <span class='ocrx_word' id='word_1_217' title='bbox 576 2243 777 2275; x_wconf 92' lang='lat' dir='ltr'><strong>omnem</strong></span> <span class='ocrx_word' id='word_1_218' title='bbox 819 2225 1092 2275; x_wconf 90' lang='lat' dir='ltr'><strong>orationem</strong></span> <span class='ocrx_word' id='word_1_219' title='bbox 1128 2226 1328 2275; x_wconf 90' lang='lat' dir='ltr'><strong>inventa</strong></span> <span class='ocrx_word' id='word_1_220' title='bbox 1361 2227 1620 2285; x_wconf 89' lang='lat' dir='ltr'><strong>ducuntur,</strong></span> <span class='ocrx_word' id='word_1_221' title='bbox 1655 2234 1803 2289; x_wconf 89' lang='lat' dir='ltr'><strong>atque</strong></span> <span class='ocrx_word' id='word_1_222' title='bbox 1838 2227 1935 2275; x_wconf 90' lang='lat' dir='ltr'><strong>hoc</strong></span> <span class='ocrx_word' id='word_1_223' title='bbox 1960 2239 2010 2280; x_wconf 83' lang='lat'><strong>25</strong></span> <span class='ocrx_word' id='word_1_224' title='bbox 2076 2290 2080 2293; x_wconf 17' lang='lat' dir='ltr'><strong><em>q</em></strong></span> 
     </span>
     <span class='ocr_line' id='line_1_27' title="bbox 273 2305 1935 2356; baseline -0.001 0"><span class='ocrx_word' id='word_1_225' title='bbox 273 2316 433 2356; x_wconf 89' lang='lat' dir='ltr'><strong>totum</strong></span> <span class='ocrx_word' id='word_1_226' title='bbox 457 2315 530 2356; x_wconf 90' lang='lat' dir='ltr'><strong>est</strong></span> <span class='ocrx_word' id='word_1_227' title='bbox 563 2306 663 2356; x_wconf 91' lang='lat' dir='ltr'><strong>sive</strong></span> <span class='ocrx_word' id='word_1_228' title='bbox 694 2306 808 2356; x_wconf 88' lang='lat' dir='ltr'><strong>artis</strong></span> <span class='ocrx_word' id='word_1_229' title='bbox 844 2306 945 2356; x_wconf 90' lang='lat' dir='ltr'><strong>sive</strong></span> <span class='ocrx_word' id='word_1_230' title='bbox 979 2306 1415 2356; x_wconf 84' lang='lat' dir='ltr'><strong>animadversionis</strong></span> <span class='ocrx_word' id='word_1_231' title='bbox 1440 2306 1542 2355; x_wconf 91' lang='lat' dir='ltr'><strong>sive</strong></span> <span class='ocrx_word' id='word_1_232' title='bbox 1563 2305 1935 2355; x_wconf 90' lang='lat' dir='ltr'><strong>consuetudinis</strong></span> 
     </span>
     <span class='ocr_line' id='line_1_28' title="bbox 274 2387 1935 2451; baseline 0 -15"><span class='ocrx_word' id='word_1_233' title='bbox 274 2404 420 2437; x_wconf 91' lang='lat' dir='ltr'><strong>nosse</strong></span> <span class='ocrx_word' id='word_1_234' title='bbox 466 2387 701 2450; x_wconf 84' lang='lat' dir='ltr'><strong>regiones,</strong></span> <span class='ocrx_word' id='word_1_235' title='bbox 751 2387 878 2436; x_wconf 89' lang='lat' dir='ltr'><strong>intra</strong></span> <span class='ocrx_word' id='word_1_236' title='bbox 932 2404 1054 2451; x_wconf 90' lang='lat' dir='ltr'><strong>quas</strong></span> <span class='ocrx_word' id='word_1_237' title='bbox 1101 2404 1278 2438; x_wconf 91' lang='lat' dir='ltr'><strong>venere</strong></span> <span class='ocrx_word' id='word_1_238' title='bbox 1335 2396 1385 2436; x_wconf 92' lang='lat' dir='ltr'><strong>et</strong></span> <span class='ocrx_word' id='word_1_239' title='bbox 1440 2387 1749 2451; x_wconf 75' lang='lat' dir='ltr'><strong>pervesfiges,</strong></span> <span class='ocrx_word' id='word_1_240' title='bbox 1798 2387 1935 2450; x_wconf 92' lang='lat' dir='ltr'><strong>quod</strong></span> 
     </span>
     <span class='ocr_line' id='line_1_29' title="bbox 275 2466 1936 2532; baseline -0.001 -15"><span class='ocrx_word' id='word_1_241' title='bbox 275 2485 511 2532; x_wconf 88' lang='lat' dir='ltr'><strong>quaeras:</strong></span> <span class='ocrx_word' id='word_1_242' title='bbox 559 2468 645 2517; x_wconf 93' lang='lat' dir='ltr'><strong>ubi</strong></span> <span class='ocrx_word' id='word_1_243' title='bbox 681 2485 795 2517; x_wconf 92' lang='lat' dir='ltr'><strong>eum</strong></span> <span class='ocrx_word' id='word_1_244' title='bbox 831 2470 997 2518; x_wconf 92' lang='lat' dir='ltr'><strong>locum</strong></span> <span class='ocrx_word' id='word_1_245' title='bbox 1033 2485 1235 2518; x_wconf 92' lang='lat' dir='ltr'><strong>omnem</strong></span> <span class='ocrx_word' id='word_1_246' title='bbox 1277 2468 1573 2532; x_wconf 88' lang='lat' dir='ltr'><strong>cogitatione</strong></span> <span class='ocrx_word' id='word_1_247' title='bbox 1608 2467 1856 2532; x_wconf 90' lang='lat' dir='ltr'><strong>saepseris,</strong></span> <span class='ocrx_word' id='word_1_248' title='bbox 1895 2466 1936 2516; x_wconf 90' lang='lat' dir='ltr'><strong>si</strong></span> 
     </span>
     <span class='ocr_line' id='line_1_30' title="bbox 276 2548 1931 2612; baseline -0.001 -14"><span class='ocrx_word' id='word_1_249' title='bbox 276 2551 428 2598; x_wconf 90' lang='lat' dir='ltr'><strong>modo</strong></span> <span class='ocrx_word' id='word_1_250' title='bbox 453 2566 597 2598; x_wconf 93' lang='lat' dir='ltr'><strong>usum</strong></span> <span class='ocrx_word' id='word_1_251' title='bbox 621 2566 781 2598; x_wconf 92' lang='lat' dir='ltr'><strong>rerum</strong></span> <span class='ocrx_word' id='word_1_252' title='bbox 806 2549 1130 2612; x_wconf 88' lang='lat' dir='ltr'><strong>percallueris,</strong></span> <span class='ocrx_word' id='word_1_253' title='bbox 1157 2549 1279 2598; x_wconf 93' lang='lat' dir='ltr'><strong>nihil</strong></span> <span class='ocrx_word' id='word_1_254' title='bbox 1303 2558 1352 2598; x_wconf 90' lang='lat' dir='ltr'><strong>te</strong></span> <span class='ocrx_word' id='word_1_255' title='bbox 1383 2548 1580 2611; x_wconf 87' lang='lat' dir='ltr'><strong>effugiet</strong></span> <span class='ocrx_word' id='word_1_256' title='bbox 1597 2556 1746 2612; x_wconf 88' lang='lat' dir='ltr'><strong>atque</strong></span> <span class='ocrx_word' id='word_1_257' title='bbox 1768 2564 1931 2606; x_wconf 90' lang='lat' dir='ltr'><strong>omne,</strong></span> 
     </span>
    </p>

    <p class='ocr_par' dir='ltr' id='par_1_8' title="bbox 189 2629 2013 2770">
     <span class='ocr_line' id='line_1_31' title="bbox 189 2629 2013 2694; baseline -0.001 -15"><span class='ocrx_word' id='word_1_258' title='bbox 189 2645 253 2694; x_wconf 87' lang='lat'><strong>35</strong></span> <span class='ocrx_word' id='word_1_259' title='bbox 276 2631 412 2693; x_wconf 91' lang='lat' dir='ltr'><strong>quod</strong></span> <span class='ocrx_word' id='word_1_260' title='bbox 449 2630 538 2679; x_wconf 88' lang='lat' dir='ltr'><strong>erit</strong></span> <span class='ocrx_word' id='word_1_261' title='bbox 574 2629 625 2678; x_wconf 89' lang='lat' dir='ltr'><strong>in</strong></span> <span class='ocrx_word' id='word_1_262' title='bbox 665 2647 729 2689; x_wconf 93' lang='lat' dir='ltr'><strong>re,</strong></span> <span class='ocrx_word' id='word_1_263' title='bbox 771 2639 993 2679; x_wconf 90' lang='lat' dir='ltr'><strong>occurret</strong></span> <span class='ocrx_word' id='word_1_264' title='bbox 1033 2639 1182 2694; x_wconf 89' lang='lat' dir='ltr'><strong>atque</strong></span> <span class='ocrx_word' id='word_1_265' title='bbox 1218 2629 1415 2679; x_wconf 90' lang='lat' dir='ltr'><strong>incidet.</strong></span> <span class='ocrx_word' id='word_1_266' title='bbox 1489 2631 1554 2678; x_wconf 92' lang='lat' dir='ltr'><strong>Et</strong></span> <span class='ocrx_word' id='word_1_267' title='bbox 1591 2629 1672 2688; x_wconf 92' lang='lat' dir='ltr'><strong>sic,</strong></span> <span class='ocrx_word' id='word_1_268' title='bbox 1716 2645 1830 2677; x_wconf 91' lang='lat' dir='ltr'><strong>cum</strong></span> <span class='ocrx_word' id='word_1_269' title='bbox 1870 2629 1935 2677; x_wconf 88' lang='lat' dir='ltr'><strong>ad</strong></span> <span class='ocrx_word' id='word_1_270' title='bbox 1958 2643 2013 2684; x_wconf 85' lang='lat'><strong>30</strong></span> 
     </span>
     <span class='ocr_line' id='line_1_32' title="bbox 275 2708 1936 2770; baseline -0.001 -11"><span class='ocrx_word' id='word_1_271' title='bbox 275 2710 627 2761; x_wconf 90' lang='lat' dir='ltr'><strong>inveniendum</strong></span> <span class='ocrx_word' id='word_1_272' title='bbox 667 2711 718 2760; x_wconf 90' lang='lat' dir='ltr'><strong>in</strong></span> <span class='ocrx_word' id='word_1_273' title='bbox 756 2711 972 2761; x_wconf 90' lang='lat' dir='ltr'><strong>dicendo</strong></span> <span class='ocrx_word' id='word_1_274' title='bbox 1012 2712 1102 2761; x_wconf 88' lang='lat' dir='ltr'><strong>tria</strong></span> <span class='ocrx_word' id='word_1_275' title='bbox 1137 2711 1267 2760; x_wconf 87' lang='lat' dir='ltr'><strong>sint:</strong></span> <span class='ocrx_word' id='word_1_276' title='bbox 1318 2726 1542 2770; x_wconf 87' lang='lat' dir='ltr'><strong>acumen,</strong></span> <span class='ocrx_word' id='word_1_277' title='bbox 1580 2709 1763 2759; x_wconf 90' lang='lat' dir='ltr'><strong>deinde</strong></span> <span class='ocrx_word' id='word_1_278' title='bbox 1796 2708 1936 2770; x_wconf 89' lang='lat' dir='ltr'><strong>rati0,</strong></span> 
     </span>
    </p>
   </div>
   <div class='ocr_carea' id='block_1_5' title="bbox 329 2835 1941 2890">
    <p class='ocr_par' dir='ltr' id='par_1_9' title="bbox 329 2835 1941 2890">
     <span class='ocr_line' id='line_1_33' title="bbox 329 2835 1941 2890; baseline -0.001 -13"><span class='ocrx_word' id='word_1_279' title='bbox 329 2838 383 2877; x_wconf 92' lang='lat' dir='ltr'><strong><em>M</em></strong></span> <span class='ocrx_word' id='word_1_280' title='bbox 400 2859 434 2872; x_wconf 90' lang='lat'>=</span> <span class='ocrx_word' id='word_1_281' title='bbox 455 2839 594 2878; x_wconf 85' lang='lat' dir='ltr'><strong>AEH</strong></span> <span class='ocrx_word' id='word_1_282' title='bbox 697 2853 722 2878; x_wconf 81' lang='lat'><em>2</em></span> <span class='ocrx_word' id='word_1_283' title='bbox 752 2846 949 2890; x_wconf 82' lang='lat' dir='ltr'><strong>pretexte</strong></span> <span class='ocrx_word' id='word_1_284' title='bbox 968 2838 1021 2878; x_wconf 92' lang='lat' dir='ltr'><em>M</em></span> <span class='ocrx_word' id='word_1_285' title='bbox 1125 2841 1152 2878; x_wconf 91' lang='lat'><strong>6</strong></span> <span class='ocrx_word' id='word_1_286' title='bbox 1181 2838 1442 2889; x_wconf 87' lang='lat' dir='ltr'><strong>intellegitur</strong></span> <span class='ocrx_word' id='word_1_287' title='bbox 1453 2838 1564 2890; x_wconf 87' lang='lat' dir='ltr'><strong>vulg.</strong></span> <span class='ocrx_word' id='word_1_288' title='bbox 1681 2851 1703 2888; x_wconf 92' lang='lat'><strong>7</strong></span> <span class='ocrx_word' id='word_1_289' title='bbox 1725 2837 1769 2876; x_wconf 90' lang='lat' dir='ltr'><strong>in</strong></span> <span class='ocrx_word' id='word_1_290' title='bbox 1784 2850 1868 2877; x_wconf 87' lang='lat' dir='ltr'><strong>om.</strong></span> <span class='ocrx_word' id='word_1_291' title='bbox 1887 2835 1941 2876; x_wconf 85' lang='lat' dir='ltr'><em>M</em></span> 
     </span>
    </p>
   </div>
   <div class='ocr_carea' id='block_1_6' title="bbox 276 2891 1939 3054">
    <p class='ocr_par' dir='ltr' id='par_1_10' title="bbox 276 2891 1939 3054">
     <span class='ocr_line' id='line_1_34' title="bbox 277 2891 1934 2944; baseline -0.001 -13"><span class='ocrx_word' id='word_1_292' title='bbox 277 2894 394 2932; x_wconf 84' lang='lat' dir='ltr'><strong>finita</strong></span> <span class='ocrx_word' id='word_1_293' title='bbox 414 2892 467 2931; x_wconf 90' lang='lat' dir='ltr'><em>M</em></span> <span class='ocrx_word' id='word_1_294' title='bbox 614 2894 663 2931; x_wconf 90' lang='lat'><strong>16</strong></span> <span class='ocrx_word' id='word_1_295' title='bbox 681 2894 876 2933; x_wconf 87' lang='lat' dir='ltr'><strong>videatur</strong></span> <span class='ocrx_word' id='word_1_296' title='bbox 885 2893 996 2934; x_wconf 87' lang='lat' dir='ltr'><strong>codd.</strong></span> <span class='ocrx_word' id='word_1_297' title='bbox 1017 2908 1026 2932; x_wconf 80' lang='lat' dir='ltr'><strong>t</strong></span> <span class='ocrx_word' id='word_1_298' title='bbox 1057 2894 1228 2933; x_wconf 87' lang='lat' dir='ltr'><strong>videtur</strong></span> <span class='ocrx_word' id='word_1_299' title='bbox 1247 2893 1406 2944; x_wconf 83' lang='lat' dir='ltr'><strong>Stangl</strong></span> <span class='ocrx_word' id='word_1_300' title='bbox 1557 2904 1604 2942; x_wconf 91' lang='lat'><strong>17</strong></span> <span class='ocrx_word' id='word_1_301' title='bbox 1635 2897 1678 2931; x_wconf 89' lang='lat' dir='ltr'><strong>et</strong></span> <span class='ocrx_word' id='word_1_302' title='bbox 1696 2891 1808 2932; x_wconf 89' lang='lat' dir='ltr'><strong>codd.</strong></span> <span class='ocrx_word' id='word_1_303' title='bbox 1829 2905 1839 2930; x_wconf 72' lang='grc' dir='ltr'><strong>ε</strong></span> <span class='ocrx_word' id='word_1_304' title='bbox 1867 2891 1934 2930; x_wconf 89' lang='lat' dir='ltr'><strong>vel</strong></span> 
     </span>
     <span class='ocr_line' id='line_1_35' title="bbox 276 2942 1939 2996; baseline -0.002 -11"><span class='ocrx_word' id='word_1_305' title='bbox 276 2947 475 2986; x_wconf 79' lang='lat' dir='ltr'><strong>Friedrich</strong></span> <span class='ocrx_word' id='word_1_306' title='bbox 626 2960 676 2996; x_wconf 89' lang='lat'><strong>19</strong></span> <span class='ocrx_word' id='word_1_307' title='bbox 704 2949 747 2986; x_wconf 87' lang='lat' dir='ltr'><strong>in</strong></span> <span class='ocrx_word' id='word_1_308' title='bbox 768 2948 904 2986; x_wconf 86' lang='lat' dir='ltr'><strong>forum</strong></span> <span class='ocrx_word' id='word_1_309' title='bbox 924 2961 1007 2988; x_wconf 89' lang='lat' dir='ltr'><strong>om.</strong></span> <span class='ocrx_word' id='word_1_310' title='bbox 1035 2947 1088 2985; x_wconf 92' lang='lat' dir='ltr'><em>M</em></span> <span class='ocrx_word' id='word_1_311' title='bbox 1247 2949 1302 2986; x_wconf 85' lang='lat'><strong>26</strong></span> <span class='ocrx_word' id='word_1_312' title='bbox 1330 2948 1420 2985; x_wconf 86' lang='lat' dir='ltr'><strong>sive</strong></span> <span class='ocrx_word' id='word_1_313' title='bbox 1441 2945 1763 2985; x_wconf 86' lang='lat' dir='ltr'><strong>consuetudinis</strong></span> <span class='ocrx_word' id='word_1_314' title='bbox 1783 2958 1866 2984; x_wconf 89' lang='lat' dir='ltr'><strong>om.</strong></span> <span class='ocrx_word' id='word_1_315' title='bbox 1886 2942 1939 2982; x_wconf 87' lang='lat' dir='ltr'><em>M</em></span> 
     </span>
     <span class='ocr_line' id='line_1_36' title="bbox 278 2998 1932 3054; baseline -0.001 -16"><span class='ocrx_word' id='word_1_316' title='bbox 278 3014 328 3049; x_wconf 85' lang='lat'><strong>27</strong></span> <span class='ocrx_word' id='word_1_317' title='bbox 349 3001 496 3039; x_wconf 86' lang='lat' dir='ltr'><strong>venire</strong></span> <span class='ocrx_word' id='word_1_318' title='bbox 511 2998 563 3037; x_wconf 92' lang='lat' dir='ltr'><em>M</em></span> <span class='ocrx_word' id='word_1_319' title='bbox 574 3001 663 3049; x_wconf 89' lang='lat' dir='ltr'><strong>(viii</strong></span> <span class='ocrx_word' id='word_1_320' title='bbox 679 3001 906 3039; x_wconf 79' lang='lat' dir='ltr'><strong>litterarum</strong></span> <span class='ocrx_word' id='word_1_321' title='bbox 923 3002 1056 3051; x_wconf 81' lang='lat' dir='ltr'><strong>spatio</strong></span> <span class='ocrx_word' id='word_1_322' title='bbox 1070 2999 1275 3054; x_wconf 65' lang='lat' dir='ltr'><strong>vacuoH)</strong></span> <span class='ocrx_word' id='word_1_323' title='bbox 1399 3012 1452 3049; x_wconf 81' lang='lat'><strong>29</strong></span> <span class='ocrx_word' id='word_1_324' title='bbox 1473 3011 1593 3038; x_wconf 90' lang='lat' dir='ltr'><strong>usum</strong></span> <span class='ocrx_word' id='word_1_325' title='bbox 1615 2999 1668 3037; x_wconf 94' lang='lat' dir='ltr'><em>M</em></span> <span class='ocrx_word' id='word_1_326' title='bbox 1681 3012 1692 3037; x_wconf 72' lang='grc' dir='ltr'><strong><em>ε</em></strong></span> <span class='ocrx_word' id='word_1_327' title='bbox 1722 3011 1800 3038; x_wconf 87' lang='lat' dir='ltr'><strong>usu</strong></span> <span class='ocrx_word' id='word_1_328' title='bbox 1819 2998 1932 3049; x_wconf 85' lang='lat' dir='ltr'><strong>vulg.</strong></span> 
     </span>
    </p>
   </div>
   <div class='ocr_carea' id='block_1_7' title="bbox 279 3054 688 3104">
    <p class='ocr_par' dir='ltr' id='par_1_11' title="bbox 279 3054 688 3104">
     <span class='ocr_line' id='line_1_37' title="bbox 279 3054 688 3104; baseline -0.007 -10"><span class='ocrx_word' id='word_1_329' title='bbox 279 3067 333 3104; x_wconf 87' lang='grc' dir='ltr'><strong>3ο</strong></span> <span class='ocrx_word' id='word_1_330' title='bbox 360 3055 421 3093; x_wconf 86' lang='lat' dir='ltr'><strong>sic</strong></span> <span class='ocrx_word' id='word_1_331' title='bbox 444 3067 518 3093; x_wconf 85' lang='lat' dir='ltr'><strong>m:</strong></span> <span class='ocrx_word' id='word_1_332' title='bbox 547 3054 582 3092; x_wconf 83' lang='lat' dir='ltr'><strong>si</strong></span> <span class='ocrx_word' id='word_1_333' title='bbox 603 3054 688 3091; x_wconf 92' lang='lat' dir='ltr'><strong>ML</strong></span> 
     </span>
    </p>
   </div>
  </div>
 </body>
</html>
