2150 3444
749 151 845 201 DE
880 151 1222 202 ORATORE
1293 153 1347 202 11

286 287 538 354 Ambigua
561 299 676 340 sunt
698 290 749 340 in
773 289 942 354 primis
965 298 1111 340 acuta
1140 298 1291 354 atque
1326 289 1378 339 in
1400 292 1552 341 verbo
1576 293 1749 356 posita,
1777 312 1880 345 non

218 368 272 418 in
289 385 343 420 ne
361 388 376 432 3
411 372 501 421 sed
515 387 618 421 non
636 388 783 436 saepe
799 388 1032 436 magnum
1051 370 1202 421 risum
1221 381 1452 434 movent3
1488 373 1641 436 magis
1662 384 1714 424 ut
1732 376 1876 438 belle,

218 458 275 501 ut
308 448 518 502 litterate
553 452 686 503 dicta
719 454 982 504 laudantur
998 471 1012 514 3
1060 461 1115 502 ut
1149 451 1200 501 in
1234 452 1374 503 illum
1409 452 1612 515 Titium,
1650 456 1734 519 qui
1763 473 1878 507 cum

217 531 441 583 studiose
486 533 586 598 pila
630 535 823 584 luderet
862 543 911 584 et
948 533 1082 584 idem
1123 533 1261 598 signa
1297 550 1435 584 sacra
1470 544 1622 585 noctu
1660 537 1880 600 frangere

168 631 193 675 5
218 622 471 679 putaretur
503 617 822 680 gregalesque
857 631 988 675 eum,
1014 631 1130 664 cum
1165 614 1217 664 in
1253 631 1486 679 campum
1519 632 1621 666 non
1645 617 1875 679 venisset,

217 694 533 759 requirerent,
554 697 802 747 excusavit
824 698 992 761 Vespa
1009 696 1283 758 Terentius,
1304 699 1441 762 quod
1459 713 1573 746 eum
1591 697 1878 748 bracchium

215 775 417 841 fregisse
440 777 625 828 diceret
641 796 657 840 ,-
690 786 745 827 ut
768 776 891 827 illud
914 777 1146 839 Africani,
1175 780 1312 842 quod
1337 788 1412 829 est
1432 780 1568 842 apud
1593 778 1838 829 Lucilium

250 856 390 920 Quid
415 857 638 908 Decius?
678 859 926 908 Nuculam
949 875 1014 907 an
1040 861 1288 910 confixum
1313 861 1384 910 vis
1409 862 1608 911 facere?
1654 859 1842 925 inquit:

215 945 272 986 ut
305 946 420 987 tuus
453 939 655 1000 amicuS,
694 940 886 1000 Crasse,
917 939 1144 1000 Granius,
1185 945 1197 967 ‘
1215 957 1318 991 non
1346 958 1455 992 esse
1479 941 1742 992 sextantis.'
1812 943 1877 991 Et

145 1038 197 1068 ιο
217 1017 259 1068 si
297 1019 542 1083 quaeritiS,
582 1020 637 1082 is,
677 1021 764 1085 qui
798 1023 1073 1086 appellatur
1112 1022 1269 1084 dicax,
1310 1025 1407 1074 hoc
1447 1041 1626 1089 genere
1664 1024 1877 1076 maxime

216 1102 457 1163 excellet3
507 1103 597 1152 sed
642 1101 796 1152 risum
842 1113 1044 1153 movent
1089 1103 1183 1153 alia
1232 1105 1482 1156 maiorem.
1569 1105 1875 1169 Ambiguum

215 1198 306 1247 per
328 1199 382 1233 se
405 1182 567 1248 ipsum
590 1185 827 1248 probatur
848 1184 901 1236 id
925 1185 1142 1249 quidem,
1171 1196 1226 1237 ut
1248 1197 1364 1239 ante
1388 1188 1502 1250 dixi,
1531 1190 1608 1238 vel
1633 1187 1845 1239 maxime
1862 1206 1878 1249 3

214 1263 458 1330 ingeniosi
502 1265 637 1316 enim
681 1266 876 1318 videtur
898 1267 1019 1318 'vim
1066 1270 1202 1319 verbi
1248 1270 1299 1319 in
1340 1271 1489 1332 aliud,
1529 1280 1678 1336 atque
1726 1269 1875 1320 ceteri

212 1346 470 1412 accipiant,
518 1365 666 1412 posse
709 1351 924 1412 ducere3
981 1354 1071 1403 sed
1110 1352 1487 1404 admirationem
1529 1354 1682 1419 magis
1724 1370 1873 1418 quam

141 1442 190 1484 15
213 1426 366 1478 risum
391 1438 570 1491 movet,
596 1429 691 1479 nisi
722 1430 763 1480 si
794 1433 998 1495 quando
1034 1432 1207 1484 incidit
1235 1434 1286 1483 in
1318 1435 1452 1485 aliud
1485 1452 1686 1499 quoque
1718 1450 1873 1498 genus

214 1508 421 1569 ridiculi,
459 1526 587 1574 quae
617 1527 797 1575 genera
823 1530 1102 1578 percurram
1139 1514 1387 1579 equidem.
1459 1518 1559 1566 Sed
1595 1515 1728 1566 scitis
1765 1531 1874 1564 esse

212 1589 526 1640 notissimum
567 1591 760 1643 ridiculi
795 1611 966 1658 genuS,
1008 1612 1124 1645 cum
1166 1595 1302 1646 aliud
1339 1606 1694 1660 exspectamUS,
1736 1595 1875 1646 aliud

211 1669 421 1720 dicitur:
456 1671 538 1722 hic
562 1672 811 1723 nobismet
834 1674 953 1739 ipsis
978 1685 1146 1726 noster
1168 1693 1300 1726 error
1323 1677 1474 1726 risum
1500 1686 1667 1728 movet
1689 1695 1699 1727 :
1736 1678 1874 1740 quod

210 1746 253 1796 si
282 1747 558 1798 admixtum
590 1758 665 1800 est
692 1750 842 1801 etiam
873 1753 1175 1817 ambiguum,
1203 1755 1258 1802 fit
1286 1753 1492 1815 salsius;
1527 1763 1581 1803 ut
1609 1754 1743 1818 apud
1774 1755 1876 1804 No·

138 1846 191 1878 ao
208 1826 346 1879 vium
367 1828 562 1880 videtur
584 1847 693 1881 esse
725 1832 999 1883 misericors
1023 1833 1119 1893 ille,
1146 1833 1231 1897 qui
1266 1833 1539 1884 iudicatum
1569 1834 1687 1885 duci
1709 1834 1874 1885 videt:

208 1918 526 1974 percontatur
555 1910 656 1962 ita:
696 1912 896 1976 ‘quanti
927 1913 1218 1963 addictus?'
1258 1918 1269 1940 ‘
1286 1915 1429 1965 Mille
1460 1918 1755 1966 nummum!
1823 1915 1875 1965 Si

207 1989 484 2042 addidisset
528 1995 878 2044 tantummodo
928 1998 940 2021 ‘
956 1995 1109 2044 ducas
1156 1994 1331 2058 licet'3
1390 2005 1520 2046 esset
1560 1996 1682 2046 illud
1719 2013 1875 2061 genus

208 2069 403 2122 ridiculi
442 2082 635 2137 praeter
681 2075 1136 2139 exspectationem;
1188 2078 1278 2127 sed
1317 2076 1435 2141 quia
1480 2077 1675 2128 addidit
1725 2081 1736 2103 ‘
1751 2077 1875 2126 nihil

208 2154 359 2216 addc,
385 2155 540 2206 ducas
563 2154 680 2207 licet
698 2158 709 2180 ⁹
729 2175 744 2218 ς
782 2156 956 2208 addito
980 2156 1215 2221 ambiguo
1242 2155 1416 2224 [altero
1439 2175 1619 2223 genere
1642 2156 1872 2225 ridiculi],

137 2250 187 2295 25
210 2233 316 2295 fuit,
358 2243 414 2286 ut
459 2236 582 2286 mihi
619 2237 823 2302 quidem
863 2238 1069 2299 videtur,
1114 2238 1421 2289 salsissimus,
1496 2241 1615 2289 Hoc
1656 2248 1762 2288 tum
1799 2247 1875 2289 est

209 2325 487 2380 venustum,
535 2334 650 2368 cum
705 2318 757 2368 in
810 2320 1129 2370 altercatione
1188 2318 1415 2384 arripitur
1471 2320 1537 2370 ab
1595 2319 1874 2370 adversario

262 2444 318 2484 M
333 2465 370 2480 =
389 2446 444 2487 H
618 2461 644 2487 2
674 2459 874 2500 magnum
894 2462 978 2488 om.
998 2449 1094 2489 Hm
1313 2462 1340 2500 3
1369 2456 1418 2490 ut
1438 2447 1517 2490 litt.
1537 2447 1591 2487 M
1607 2464 1616 2488 ε
1645 2454 1687 2488 et
1708 2448 1787 2489 litt.
1812 2447 1872 2488 Le

210 2512 235 2551 7
254 2500 453 2552 fregisset
471 2499 565 2540 Hm
647 2503 727 2543 dic.
750 2508 796 2542 ut
817 2503 919 2543 illud
938 2503 1071 2544 Afric.
1099 2517 1181 2545 om.
1212 2503 1280 2543 He
1364 2503 1521 2545 lucium
1543 2516 1587 2542 m
1697 2503 1724 2542 8
1751 2516 1872 2553 spae-

209 2554 308 2595 dius
321 2553 417 2595 Hm
493 2555 676 2596 nuculan
690 2557 751 2608 (iv
766 2556 838 2596 litt.
856 2558 1033 2611 sp.vac.)
1046 2558 1099 2597 H
1169 2559 1381 2598 conficere
1397 2559 1479 2611 (sp.
1498 2571 1581 2598 vac.
1601 2556 1653 2611 le)
1671 2557 1807 2607 inquit
1828 2571 1873 2596 m

211 2609 265 2648 16
291 2610 368 2650 sed
388 2609 507 2650 scitis
526 2610 637 2662 vulg.
659 2611 738 2651 sed
758 2611 898 2651 dicitis
926 2610 1020 2651 Hm
1037 2628 1046 2652 ε
1087 2612 1151 2651 Ac
1171 2613 1287 2653 scitis
1305 2612 1440 2652 Adler
1586 2625 1635 2663 19
1665 2612 1870 2651 Naevium

211 2662 271 2702 Le
436 2676 490 2704 20
517 2663 588 2703 ille
615 2664 688 2715 qui
718 2666 945 2706 iudicatum
970 2679 1054 2707 om.
1079 2666 1173 2706 Hm
1205 2667 1323 2719 (cum
1355 2668 1505 2707 lacuna
1538 2665 1608 2717 Η)
1717 2665 1872 2706 videns

208 2714 372 2757 Ellendt
477 2729 527 2758 21
558 2725 860 2769 percunctatus
891 2720 1122 2761 Gronovius
1195 2722 1253 2761 ita
1274 2735 1357 2762 om.
1382 2721 1476 2760 Hm
1570 2720 1766 2760 addictus
1785 2718 1869 2760 Le:

208 2771 434 2812 adductust
452 2770 525 2812 H:
556 2777 623 2813 est
641 2774 827 2814 adductu
847 2787 892 2813 m
1052 2787 1104 2815 22
1133 2787 1230 2815 esse
1249 2775 1365 2814 Hme
1530 2787 1583 2824 24
1612 2774 1758 2814 addito
1777 2774 1865 2814 secl.

207 2822 409 2865 Friedrich
516 2827 714 2878 ambiguo
733 2828 820 2868 secl.
843 2827 1000 2879 Kayser
1101 2830 1236 2869 altero
1256 2842 1416 2880 genere
1438 2829 1603 2868 ridiculi
1622 2828 1698 2870 del.
1716 2827 1873 2869 Schis‘tz

209 2890 263 2931 25
292 2884 380 2919 tum
400 2879 473 2920 H:
505 2885 649 2922 tamen
669 2895 740 2922 m:
772 2887 911 2923 totum
932 2883 970 2922 L
1148 2884 1203 2923 26
1229 2883 1574 2924 venustissimum
1595 2882 1653 2923 Le

262 2957 341 2988 exc.
363 2958 420 2988 m:
439 2959 570 2990 οιυιτ.
1711 2951 1763 2993 10

1902 159 1971 210 62
1991 178 2072 223 253

1908 313 1987 356 253

1902 957 1983 1000 254

1898 1563 1980 1606 255
