2150 3444
91 166 155 226 87
176 184 254 227 355
739 165 810 212 M.
849 163 1059 211 TVLLI
1098 162 1481 212 CICERONIS

278 301 535 352 videantur
593 300 893 351 inscribere?
957 302 1132 364 Itaque
1179 288 1271 350 soli
1329 299 1413 363 qui
1471 300 1708 352 memoria
1755 299 1933 366 vigent,

278 383 439 433 sciunt
486 383 607 446 quid
654 391 702 432 et
740 390 983 446 quatenus
1022 390 1070 430 et
1111 397 1214 444 quo
1255 382 1408 430 modo
1446 380 1625 431 dicturi
1665 382 1775 444 sint,
1814 381 1937 446 quid

276 463 631 527 responderint,
660 462 780 526 quid
813 461 1050 526 supersit:
1087 460 1350 524 eidemque
1374 462 1529 510 multa
1561 478 1621 511 ex
1646 461 1753 511 aliis
1777 461 1937 513 causis

173 547 254 602 356
277 543 544 607 aliquando
568 559 674 594 ase
697 551 819 603 acta,
839 544 995 591 multa
1017 542 1082 591 ab
1105 541 1210 590 aliis
1226 541 1394 591 audita
1408 540 1750 592 meminerunt.
1823 543 1939 604 Qua

276 640 327 673 re
363 624 602 673 confiteor
640 623 871 687 equidem
908 621 1053 671 huius
1089 622 1210 672 boni
1245 631 1469 671 naturam
1506 638 1613 671 esse
1647 621 1933 686 principem,
1958 643 1984 690 5

277 703 402 752 sicut
435 720 602 752 earum
637 720 811 763 rerum,
841 704 904 751 de
938 702 1118 765 quibus
1153 711 1268 769 ante
1303 704 1496 751 locutus
1533 718 1656 764 sum,
1683 702 1939 764 omnium3

277 785 365 832 sed
405 785 528 832 haec
574 800 650 832 ars
689 792 793 832 tota
834 782 1048 842 dicendi,
1094 782 1195 831 sive
1232 782 1346 832 artis
1394 782 1557 846 imago
1596 785 1842 846 quaedam
1888 791 1938 833 et

275 864 545 914 similitudo
570 873 655 924 est,
683 865 833 914 habet
857 866 985 914 hanc
1019 864 1131 924 vim,
1159 881 1261 914 non
1292 873 1347 913 ut
1377 873 1550 914 totum·
1571 864 1771 928 aliquid,
1799 865 1938 915 cuius

275 943 327 992 in
363 944 568 1008 ingeniis
605 944 781 994 nostris
817 961 927 1007 pars
963 946 1098 993 nulla
1132 944 1206 1004 sit,
1244 944 1398 1008 pariat
1430 953 1479 994 et
1507 954 1742 1008 procreet,
1768 961 1939 1001 verum

278 1033 332 1074 ut
379 1042 448 1085 ea,
489 1042 616 1088 quae
660 1033 775 1074 sunt
816 1033 921 1073 orta
955 1024 1054 1074 iam
1095 1025 1146 1073 in
1184 1025 1328 1074 nobis
1367 1034 1416 1074 et
1455 1035 1721 1089 procreata,
1759 1027 1938 1076 educet
1963 1047 2013 1077 10

175 1114 254 1159 357
278 1114 427 1169 atque
463 1107 721 1155 confirmet
737 1123 750 1166 3
796 1122 967 1155 verum
1014 1114 1182 1154 tamen
1221 1122 1385 1168 neque
1425 1114 1527 1154 tam
1566 1106 1666 1156 acri
1702 1106 1939 1157 memoria

278 1189 378 1236 fere
406 1187 669 1251 quisquam
698 1195 785 1246 est,
824 1195 890 1246 ut,
928 1203 1030 1236 non
1069 1185 1318 1250 dispositis
1355 1185 1635 1250 notatisque
1671 1187 1831 1248 rebus,
1866 1203 1938 1237 or-

277 1268 446 1317 dinem
486 1269 748 1318 verborum
794 1266 1019 1316 omnium
1057 1276 1141 1316 aut
1179 1266 1531 1316 sententiarum
1567 1269 1935 1332 complectatur,

278 1365 441 1412 neque
459 1365 575 1398 vero
598 1357 701 1397 tam
723 1347 904 1408 hebeti,
925 1357 979 1397 ut
1003 1347 1125 1396 nihil
1149 1349 1242 1397 hac
1266 1347 1627 1398 consuetudine
1646 1357 1695 1398 et
1714 1348 1940 1398 exercita-

274 1431 411 1481 tione
433 1430 703 1480 adiuvetur.
775 1429 916 1479 Vidit
950 1430 1083 1480 enirn
1108 1431 1205 1479 hoc
1237 1431 1504 1494 prudenter
1533 1429 1635 1480 sive
1659 1430 1939 1483 Simonides
1962 1448 2013 1490 15

274 1513 376 1567 sive
415 1512 539 1562 alius
580 1511 691 1576 quis
732 1510 932 1571 invenit,
977 1528 1035 1560 ea
1075 1510 1287 1560 maxime
1323 1510 1500 1560 animis
1537 1511 1701 1576 effingi
1745 1511 1938 1574 nostris,

274 1611 403 1658 quae
450 1602 613 1643 essent
659 1610 689 1642 a
734 1603 883 1642 sensu
923 1591 1100 1642 tradita
1135 1601 1286 1656 atque
1325 1592 1592 1656 impressa3
1648 1592 1941 1646 acerrimum

273 1684 441 1724 autem
479 1692 539 1724 ex
578 1673 810 1724 omnibus
846 1673 1024 1723 nostris
1061 1673 1286 1723 sensibus
1321 1689 1430 1724 esse
1465 1690 1665 1725 sensum
1704 1673 1908 1725 videndi
1925 1692 1941 1736 ς

275 1773 375 1820 qua
402 1774 452 1806 re
484 1755 714 1804 facillime
747 1754 917 1804 animo
948 1754 1102 1804 teneri
1131 1764 1277 1818 posse
1308 1771 1380 1814 ea,
1415 1770 1544 1818 quae
1576 1754 1942 1819 perciperentur

273 1837 472 1886 auribus
496 1845 582 1886 aut
609 1836 921 1900 cogitatione,
959 1835 1000 1884 si
1031 1834 1181 1885 etiam
1215 1835 1649 1886 commendatione
1683 1837 1940 1892 oculorum
1962 1852 2016 1886 20

273 1917 450 1967 animis
496 1918 830 1977 traderentur3
887 1924 942 1966 ut
978 1932 1054 1965 res
1092 1932 1263 1965 caecas
1302 1925 1352 1965 et
1387 1917 1451 1965 ab
1489 1924 1716 1980 aspectus
1756 1915 1940 1966 iudicio

274 2006 486 2047 remotas
512 1996 836 2046 conformatio
860 1997 1106 2059 quaedam
1131 2004 1180 2045 et
1203 1995 1366 2059 imago
1390 2004 1440 2045 et
1463 1997 1617 2059 figura
1639 1995 1708 2046 ita
1731 2004 1935 2057 notaret,-

275 2087 329 2127 ut
370 2095 441 2139 ea,
482 2093 609 2141 quae
646 2076 910 2140 cogitando
948 2075 1211 2139 complecti
1255 2075 1335 2127 vix
1379 2091 1649 2139 possemm,
1699 2075 1941 2126 intuendo

175 2165 253 2222 358
278 2158 418 2223 quasi
442 2167 732 2207 teneremuS.
806 2156 903 2205 His
927 2164 1094 2206 autem
1118 2155 1288 2205 formis
1311 2165 1461 2220 atque
1485 2155 1786 2221 corporibuS‚
1814 2156 1941 2206 sicut

276 2239 522 2298 omnibuS‚
550 2254 678 2301 quae
710 2236 802 2286 sub
831 2245 1086 2300 aspectum
1117 2236 1335 2298 veniunt,
1366 2234 1681 2303 [admonetur
1702 2237 1941 2288 memoria
1965 2257 2013 2301 25

274 2328 441 2369 nostra
477 2328 625 2382 atque
663 2318 898 2371 excitatur
913 2316 947 2384 3]
998 2319 1117 2367 sede
1154 2334 1278 2381 opus
1317 2327 1403 2379 est,
1442 2317 1625 2368 etenim
1660 2333 1837 2382 corpus
1870 2317 1942 2368 in-

275 2399 437 2464 tellegi
470 2399 575 2448 sine
606 2401 719 2448 loco
753 2414 856 2447 non
889 2405 1064 2461 potest.
1141 2399 1255 2460 Qua
1288 2414 1340 2447 re
1369 2415 1432 2447 ne
1455 2397 1508 2447 in
1542 2414 1595 2447 re
1622 2406 1742 2447 nota
1765 2406 1815 2451 et
1837 2414 1941 2463 per.-

274 2482 469 2543 vulgata
504 2481 688 2530 multus
724 2487 774 2528 et
808 2478 1025 2528 insolens
1062 2478 1168 2539 sim,
1206 2478 1327 2528 locis
1369 2486 1444 2529 est
1477 2479 1720 2528 utendum
1755 2478 1936 2541 multiS,

275 2560 573 2620 inlustribuS‚
600 2559 864 2623 explicatiS,
891 2558 1099 2609 modicis
1124 2558 1386 2609 intervallis
1406 2576 1421 2621 3
1454 2558 1748 2623 imaginibus
1772 2567 1938 2613 autem

331 2687 384 2727 M
400 2686 581 2727 =AEH
758 2702 786 2739 9
815 2689 869 2728 sit
889 2701 971 2728 om.
1000 2687 1053 2726 M
1215 2689 1353 2739 pariet
1371 2686 1421 2726 M
1570 2699 1619 2736 13
1648 2686 1834 2726 omnium
1863 2693 1937 2727 aut
1997 2694 2000 2696 ’

277 2742 454 2794 Stangl:
485 2748 556 2782 aut
577 2743 794 2782 hominum
815 2748 886 2782 aut
917 2741 993 2782 M:
1035 2748 1107 2782 aut
1135 2741 1173 2780 L
1344 2744 1394 2781 16
1421 2741 1565 2791 effingi
1586 2739 1660 2779 M:
1704 2741 1816 2792 affigi
1845 2754 1935 2782 mc.

278 2810 332 2836 20
361 2793 580 2836 commene
602 2797 817 2836 oculorum
836 2795 908 2837 M:
941 2809 1035 2836 cum
1056 2802 1198 2836 mente
1219 2809 1318 2836 corr.
1342 2795 1386 2834 E
1528 2808 1582 2834 21
1614 2795 1666 2834 ab
1685 2793 1722 2832 L
1743 2810 1753 2834 z
1780 2807 1863 2835 om.
1887 2793 1942 2834 M

277 2856 453 2900 aspectu
487 2850 558 2889 M:
603 2857 802 2900 aspectus
834 2851 983 2890 iudicis
1022 2850 1158 2902 vulg.:
1207 2850 1366 2889 iudicio
1402 2847 1577 2900 Madvig
1616 2847 1731 2888 Adv.
1768 2846 1865 2888 Cur.
1888 2849 1932 2890 ii.

283 2906 360 2942 186
487 2917 633 2944 caecas
653 2911 695 2943 et
715 2910 891 2954 aspectu
912 2910 1096 2947 remotas
1127 2903 1324 2943 Friedrich
1501 2914 1554 2952 25
1582 2902 1833 2941 admonetur
1850 2913 1935 2940 me-

278 2958 409 2996 moria
429 2964 572 2998 nostra
591 2964 719 3008 atque
740 2958 947 2999 excitatur
966 2957 1062 2998 add.
1083 2958 1195 3009 vulg.
1310 2958 1363 2996 26
1390 2956 1466 2997 sed
1484 2955 1590 2999 locis
1609 2967 1716 3006 opus
1736 2961 1800 2994 est
1819 2955 1929 3006 vulg.
