2112 3444
776 180 873 228 DE
908 179 1248 228 ORATORE
1286 179 1310 227 1
1902 181 1963 232 16
1988 195 2035 243 μ

216 318 468 371 neminem
500 336 609 371 esse
642 319 695 369 in
730 328 979 371 oratorum
1015 336 1222 369 numero
1255 319 1556 380 habendum,
1584 321 1668 384 qui
1693 338 1795 371 non
1820 321 1881 370 sit

216 398 450 469 omnibus
490 399 561 451 eis
601 399 801 460 artibuS‚
840 416 969 464 quae
1004 408 1119 449 sunt
1154 399 1310 449 libero
1345 399 1537 463 dignae,
1581 401 1883 464 perpolitus;

215 479 398 544 quibus
421 479 540 544 ipsis
565 479 607 530 si
630 479 680 530 in
705 480 923 530 dicendo
955 497 1058 530 non
1090 480 1288 540 utimur,
1315 489 1483 529 tamen
1506 490 1709 545 apparet
1732 490 1882 544 atque

166 606 169 609 .
217 568 386 620 exstat,
426 568 591 610 utrum
629 560 785 610 simus
821 577 988 610 earum
1028 562 1175 610 rudes
1213 577 1277 609 an
1316 560 1664 610 didicerimus:
1706 569 1761 609 ut
1796 559 1882 624 qui
1910 572 1961 615 73

171 654 196 700 5
217 639 318 706 pila
355 641 549 701 ludunt,
586 658 691 691 non
727 650 932 691 utuntur
969 641 1020 690 in
1062 641 1169 705 ipsa
1209 640 1402 690 lusione
1442 640 1648 690 artificio
1684 640 1883 706 proprio

217 722 500 787 palaestrae,
527 723 618 772 sed
654 721 840 772 indicat
878 723 983 786 ipse
1020 732 1198 783 motuS,
1226 722 1554 772 didicerintne
1589 724 1882 786 palaestram

215 819 282 856 an
318 802 555 863 nesciant,
595 811 645 853 et
681 803 768 867 qui
804 803 993 867 aliquid
1027 804 1233 868 fingunt,
1266 802 1356 853 etsi
1392 811 1498 852 tum
1536 802 1727 867 pictura
1761 802 1883 852 nihil

217 893 436 945 utuntur,
478 893 661 946 tamen,
710 894 875 934 utrum
923 884 1081 934 sciant
1127 884 1328 949 pingere
1382 901 1446 934 an
1494 884 1729 944 nesciant,
1781 901 1883 933 non

217 965 486 1018 obscurum
520 974 626 1027 est3
672 965 742 1015 sic
787 966 842 1015 in
885 965 1189 1016 orationibus
1231 965 1367 1015 hisce
1413 965 1531 1029 ipsis
1572 964 1881 1024 iudiciorum,

146 1060 200 1095 ιο
219 1045 526 1107 contionum,
553 1056 766 1108 senatus,
794 1046 943 1096 etiam
968 1047 1008 1097 si
1046 1046 1242 1111 proprie
1275 1056 1466 1096 ceterae
1490 1063 1592 1096 non
1617 1045 1884 1096 adhibean-

218 1137 299 1181 tur
330 1137 472 1189 artes‚
498 1137 666 1178 tamen
704 1128 846 1178 facile
883 1130 1170 1188 declaratur,
1197 1137 1362 1178 utrum
1400 1127 1455 1188 is,
1482 1127 1568 1191 qui
1607 1127 1754 1187 dicat,
1782 1135 1884 1179 tan-v

219 1218 328 1261 tum
366 1210 521 1260 modo
561 1209 614 1262 in
654 1211 752 1259 hoc
793 1209 1144 1259 declamatorio
1183 1208 1244 1258 sit
1285 1225 1434 1273 opere
1470 1208 1678 1257 iactatus
1714 1224 1779 1256 an
1819 1208 1885 1256 ad

217 1289 490 1343 dicendum
513 1289 747 1340 omnibus
772 1289 997 1353 ingenuis
1021 1289 1207 1339 artibus
1232 1289 1498 1338 instructus
1523 1287 1814 1338 accesserit.'

285 1373 420 1423 Tum
448 1418 451 1421 Α
477 1370 643 1422 ridens
701 1373 938 1422 Scaevola
997 1375 1009 1398 ‘
1026 1387 1127 1421 non
1186 1370 1439 1420 luctabor·
1469 1371 1666 1430 tecum,'
1724 1367 1884 1432 inquit
1908 1344 1963 1394 17

149 1468 198 1511 15
222 1453 442 1512 ‘Crasse,
467 1451 679 1517 amplius
700 1469 714 1513 3
762 1452 815 1502 id
839 1451 972 1501 enim
1005 1451 1183 1515 ipsum,
1211 1452 1348 1515 quod
1381 1460 1553 1500 contra
1584 1467 1665 1500 me
1689 1451 1884 1500 locutus
1911 1418 1933 1463 7

219 1550 289 1594 es,
330 1532 538 1583 artificio
576 1533 796 1596 quodam
838 1549 890 1582 es
932 1541 1242 1592 consecutuS,
1285 1541 1339 1582 ut
1381 1541 1429 1581 et
1465 1531 1600 1591 mihi,
1628 1547 1757 1594 quae
1792 1546 1885 1594 ego

219 1615 399 1664 vellem
422 1629 526 1663 non
549 1629 658 1663 esse
681 1613 899 1674 oratoriS‚
928 1614 1228 1664 concederes
1259 1621 1308 1662 et
1346 1629 1404 1661 ea
1441 1612 1548 1676 ipsa
1580 1610 1752 1661 nescio
1782 1626 1886 1674 quo

220 1696 376 1746 modo
421 1711 589 1745 rursus
627 1695 946 1759 detorqueres
991 1703 1141 1758 atque
1187 1693 1367 1744 oratori
1408 1692 1605 1757 propria
1650 1693 1881 1742 traderes.

221 1777 381 1839 Quae,
408 1791 523 1825 cum
555 1791 649 1839 ego
679 1783 873 1839 praetor
906 1776 1144 1824 Rhodum
1177 1774 1421 1824 venissem
1457 1783 1506 1823 et
1539 1790 1653 1823 cum
1688 1788 1887 1822 summo
1913 1783 1963 1828 75

149 1875 204 1910 ao
221 1854 309 1909 illo
331 1857 537 1907 doctore
564 1855 703 1906 istius
735 1855 1025 1920 disciplinae
1049 1855 1319 1920 Apollonio
1343 1873 1415 1915 ea,
1443 1871 1571 1919 quae
1594 1871 1625 1904 a
1649 1852 1886 1903 Panaetio

219 1952 524 2001 acceperam,
584 1936 919 1997 contulissem,
969 1936 1124 1986 inrisit
1180 1936 1261 1985 ille
1307 1936 1525 2000 quidem,
1575 1943 1630 1985 ut
1678 1935 1882 1994 solebat,

219 2016 587 2082 philosophiam
623 2026 773 2082 atque
806 2016 1104 2081 contempsit
1137 2018 1390 2080 multaque
1422 2034 1524 2066 non
1554 2025 1654 2065 tam
1678 2014 1887 2079 graviter

218 2097 341 2150 dixit
376 2114 528 2162 quam
559 2100 718 2148 facete
734 2116 750 2161 ;
782 2107 869 2148 tua
898 2107 1065 2148 autem
1098 2098 1189 2147 fuit
1213 2098 1369 2148 oratio
1394 2098 1499 2148 eius
1524 2096 1675 2158 modi,
1703 2114 1806 2147 non
1830 2105 1885 2145 ut

218 2179 371 2230 ullam
393 2188 549 2230 artem
572 2180 911 2231 doctrinamve
934 2189 1291 2241 contemnereS,
1310 2181 1399 2230 sed
1423 2189 1477 2229 ut
1495 2179 1658 2230 omnis
1677 2177 1885 2229 comites

147 2279 198 2323 25
217 2275 280 2313 ac
302 2259 669 2312 ministratrices
694 2261 898 2312 oratoris
923 2279 1031 2312 esse
1055 2262 1256 2312 diceres.
1333 2263 1472 2324 Quas
1497 2278 1589 2325 ego
1624 2260 1664 2310 si
1688 2259 1799 2324 quis
1823 2258 1883 2309 sit
1913 2257 1962 2311 76

219 2357 349 2400 unus
373 2343 659 2406 complexus
683 2342 860 2403 omnis,
887 2342 1121 2406 idemque
1145 2342 1186 2392 si
1220 2344 1285 2392 ad
1318 2358 1400 2391 eas
1425 2344 1706 2391 facultatem
1740 2340 1885 2390 istam

218 2421 559 2472 ornatissimae
595 2422 830 2473 orationis
867 2422 1156 2483 adiunxerit,
1188 2440 1290 2473 non
1329 2440 1533 2487 possum
1569 2422 1733 2472 dicere
1769 2435 1884 2470 eum

219 2519 323 2552 non
347 2502 595 2567 egregium
627 2505 879 2567 quendam
915 2503 1170 2553 hominem
1203 2512 1353 2567 atque
1377 2503 1724 2553 admirandum
1750 2503 1887 2562 fore,-

219 2583 309 2635 sed
332 2582 388 2643 is,
415 2582 456 2633 si
479 2583 590 2647 quis
622 2593 751 2634 esset
782 2593 868 2633 aut
891 2584 932 2634 si
964 2584 1112 2633 etiam
1137 2600 1375 2647 umquam
1400 2584 1571 2633 fuisset
1595 2592 1680 2632 aut
1703 2599 1820 2632 vero
1844 2580 1885 2632 si

145 2676 200 2720 ao
220 2679 330 2714 esse
356 2673 539 2728 posset,
566 2673 620 2714 tu
658 2681 791 2715 esses
829 2680 957 2713 unus
996 2666 1232 2728 profect0‚
1260 2664 1345 2728 qui
1381 2673 1430 2714 et
1467 2681 1580 2714 meo
1615 2663 1801 2714 iudicio
1835 2670 1890 2712 et

219 2745 445 2799 omnium
462 2745 543 2797 vix
556 2747 707 2796 ullam
728 2745 900 2796 ceteris
919 2746 1386 2810 oratoribus—pace
1410 2747 1587 2796 horum
1611 2745 1884 2796 dixerim—
1964 2745 1969 2750 ’

218 2825 418 2889 laudem
442 2826 693 2891 reliquisti.
766 2829 953 2883 Verum
992 2826 1035 2878 si
1069 2825 1158 2876 tibi
1194 2826 1287 2891 ipsi
1323 2826 1446 2876 nihil
1479 2828 1632 2886 deest,
1659 2826 1798 2891 quod
1832 2823 1889 2875 in.
1911 2829 1960 2875 77

226 2990 231 2994 .
270 2954 465 2997 M=HE
624 2969 673 3006 17
703 2956 828 2996 velim
858 2954 911 3004 M
1111 2967 1165 3007 25
1193 2954 1514 2996 ministratrices
1532 2954 1695 2996 Nonius
1714 2967 1754 3006 p.
1780 2968 1883 3005 142:

218 3010 432 3051 ministros
450 3009 505 3050 M
513 3023 522 3052 ι
553 3009 766 3050 ministras
787 3022 876 3050 rece.

1667 3078 1722 3119 2*
