2150 3444
62 161 134 210 60
147 168 225 221 256
636 164 705 211 M.
744 164 954 212 TVLLI
992 164 1374 215 CICERONIS

246 301 376 364 leges
401 300 653 364 imponere
676 301 806 351 visus
831 319 882 351 es
918 302 1033 351 huic
1063 303 1224 363 aetati,
1251 305 1346 353 sed*
1373 312 1539 354 tamen
1573 306 1638 355 ad
1669 305 1734 366 id,
1761 308 1904 370 quod

147 396 221 440 257
246 380 463 444 cupiunt,
489 381 863 445 adipiscendum
900 399 1054 446 prope
1091 384 1399 433 necessarias,
1472 387 1604 435 Nam
1635 394 1684 435 et
1707 387 1900 437 subitae

244 461 309 509 ad
326 461 599 524 propositas
620 479 789 511 causas
815 462 1183 513 exercitationes
1203 473 1251 513 et
1273 472 1529 514 accuratae
1552 481 1611 514 ac
1634 465 1899 517 meditatae

246 542 686 592 commentationes
726 559 785 592 ac
826 543 962 592 stilus
1003 543 1084 593 ille
1125 552 1251 604 tuuS,
1295 561 1444 608 quem
1490 553 1544 595 tu
1583 562 1695 595 vere
1735 545 1899 597 dixisti

244 623 566 684 perfectorem
604 623 801 672 dicendi
834 639 940 672 esse
974 640 1033 672 ac
1068 624 1366 687 magistrum,
1393 624 1535 674 multi
1569 625 1760 676 sudoris
1796 635 1868 676 est
1885 644 1900 688 3
1921 641 1944 684 5

246 710 294 751 et
318 701 400 751 illa
424 702 655 752 orationis
691 720 809 753 suae
844 720 959 753 cum
997 704 1186 766 scriptis
1223 704 1393 754 alienis
1427 706 1728 769 comparatio
1751 715 1801 757 et
1835 708 1900 758 de

243 781 406 832 alieno
441 783 622 846 scripto
657 783 818 833 subita
852 786 929 833 vel
964 774 1199 834 laudandi
1230 788 1307 835 vel
1338 786 1645 850 vituperandi
1667 789 1744 837 vel
1769 805 1900 838 com-

244 863 487 925 probandi
532 865 609 913 vel
649 864 902 914 refellendi
949 881 1096 914 causa
1153 866 1420 928 disputatio
1477 884 1580 917 non
1637 868 1899 918 mediocris

244 943 573 993 contentionis
598 953 670 994 est
693 946 770 993 vel
793 946 858 994 ad
887 945 1174 994 memoriam
1198 948 1275 995 vel
1298 948 1364 996 ad
1387 946 1693 997 imitandum.
1767 950 1900 999 Illud

240 1040 356 1073 vero
380 1023 469 1073 fuit
493 1024 736 1083 horribile,
764 1026 900 1088 quod
931 1042 1011 1074 me
1035 1027 1232 1075 hercule
1262 1043 1431 1076 vereor
1453 1044 1516 1076 ne
1541 1027 1775 1078 maiorem
1798 1028 1898 1078 vim
1924 1044 1974 1072 10

241 1105 306 1152 ad
344 1104 691 1152 deterrendum
728 1103 952 1153 habuerit
976 1121 1125 1168 quam
1165 1106 1231 1155 ad
1267 1107 1657 1156 cohortandum:
1702 1107 1900 1156 voluisti

243 1183 377 1232 enim
402 1183 453 1232 in
477 1200 568 1233 suo
591 1182 768 1247 genere
791 1201 947 1233 unum
972 1201 1219 1249 quemque
1243 1194 1466 1235 nostrum
1490 1187 1630 1250 quasi
1648 1188 1899 1251 quendam

244 1280 351 1313 esse
391 1264 630 1313 Roscium
647 1283 661 1326 3
713 1265 974 1329 dixistique
1014 1282 1117 1316 non
1158 1275 1259 1316 tam
1292 1284 1362 1327 ea,
1390 1284 1517 1331 quae
1551 1277 1683 1317 recta
1719 1277 1897 1328 essent,

243 1344 452 1408 probari,
480 1362 629 1409 quam
655 1362 780 1409 quae
811 1362 972 1409 prava,
998 1347 1203 1397 fastidiis
1233 1348 1581 1398 adhaerescere
1597 1366 1612 1409 3
1646 1350 1783 1413 quod
1806 1365 1899 1412 ego

244 1443 345 1475 non
370 1435 471 1475 tam
502 1426 753 1477 fastidiose
790 1427 841 1475 in
878 1427 1022 1476 nobis
1060 1445 1209 1492 quam
1247 1428 1298 1476 in
1335 1428 1653 1478 histrionibus
1690 1428 1899 1492 spectari
1924 1443 1973 1487 15

145 1524 219 1566 ²59
243 1516 396 1570 puto3
444 1507 609 1571 itaque
645 1524 737 1557 nos
778 1525 951 1557 raucos
987 1525 1135 1572 saepe
1171 1509 1493 1559 attentissime
1527 1509 1685 1560 audiri
1718 1510 1900 1572 video3

243 1596 377 1637 tenet
413 1588 545 1637 enim
580 1605 655 1638 res
691 1588 797 1651 ipsa
831 1582 979 1652 atque
1015 1606 1162 1638 causa
1179 1607 1192 1650 3
1239 1599 1289 1638 at
1325 1592 1594 1653 Aesopum,
1621 1590 1662 1639 si
1696 1592 1899 1654 paulum

242 1669 508 1729 inrauserst,
527 1669 735 1732 explodi.
811 1673 855 1718 A
879 1670 1058 1733 quibus
1084 1670 1214 1719 enim
1239 1671 1361 1719 nihil
1384 1680 1574 1734 praeter
1597 1673 1899 1735 voluptatem

240 1750 431 1799 aurium
467 1750 725 1814 quaeritur,
753 1751 802 1799 in
839 1751 907 1800 eis
944 1752 1220 1812 offenditur,
1247 1752 1392 1802 simul
1423 1762 1572 1817 atque
1595 1753 1900 1803 imminuitur

241 1830 428 1893 aliquid
463 1832 527 1881 de
561 1832 825 1894 voluptate,
853 1831 903 1880 in
945 1833 1196 1896 eloquenti
1230 1842 1397 1883 autem
1433 1835 1587 1883 multa
1622 1843 1736 1883 sunt
1770 1850 1898 1898 quae
1922 1847 1974 1876 20

242 1919 441 1960 teneant
458 1929 471 1972 3
507 1928 634 1974 quae
658 1911 698 1960 si
723 1912 889 1961 omnia
922 1929 1114 1962 summa
1138 1930 1239 1962 non
1265 1923 1378 1963 sunt
1403 1923 1451 1963 et
1474 1916 1707 1978 pleraque
1731 1923 1897 1964 tamen

244 2007 420 2054 magna
467 2000 592 2051 sunt,
642 2008 843 2042 necesse
890 2001 963 2041 est
1017 2010 1074 2042 ea
1120 1993 1239 2056 ipsa,
1293 2011 1419 2058 quae
1477 2003 1604 2055 sunt,
1658 1994 1898 2044 mirabilia

243 2072 409 2122 videri.

144 2158 221 2200 260
313 2155 456 2215 Ergo,
483 2162 537 2202 ut
560 2155 624 2203 ad
647 2153 860 2216 primum
885 2153 1006 2203 illud
1029 2163 1250 2215 revertar,
1277 2154 1338 2203 sit
1362 2163 1524 2204 orator
1546 2155 1690 2205 nobis
1714 2154 1769 2215 is,
1795 2154 1894 2219 qui,

243 2242 297 2282 ut
356 2235 560 2284 Crassus
618 2234 886 2297 descripsit,
941 2236 1317 2285 accommodate
1377 2236 1443 2285 ad
1498 2236 1896 2299 persuadendum
1923 2250 1971 2292 25

244 2314 398 2377 possit
422 2314 584 2364 dicere
601 2333 615 2375 3
650 2314 689 2363 is
714 2324 880 2364 autem
914 2317 1236 2366 concludatur
1268 2316 1318 2364 in
1343 2333 1414 2376 ea,
1442 2333 1569 2380 quae
1593 2325 1707 2365 sunt
1730 2316 1782 2365 in
1804 2332 1897 2366 usu

244 2394 493 2444 civitatum
551 2395 734 2458 vulgari
790 2413 849 2445 ac
903 2396 1096 2457 forensi,
1146 2396 1444 2460 remotisque
1490 2396 1662 2446 ceteris
1708 2396 1896 2456 studiiS‚

244 2476 464 2538 quamvis
501 2493 559 2524 ea
594 2476 690 2525 sint
730 2478 894 2540 ampla
928 2486 1077 2541 atque
1111 2479 1370 2540 praeclara,
1398 2477 1448 2526 in
1480 2479 1578 2527 hoc
1608 2494 1710 2527 uno
1733 2493 1895 2540 opere,

243 2565 296 2604 ut
320 2556 386 2604 ita
411 2556 586 2616 dicam,
614 2566 784 2607 noctes
810 2567 858 2607 et
882 2558 987 2607 dies
1012 2567 1238 2622 urgeatur
1254 2576 1268 2619 3
1303 2558 1615 2622 imiteturque
1639 2558 1792 2618 illum,
1818 2555 1898 2606 cui

243 2636 347 2685 sine
394 2637 548 2686 dubio
596 2655 789 2688 summa
834 2639 906 2688 vis
953 2638 1153 2689 dicendi
1199 2639 1499 2699 conceditur,
1542 2637 1898 2688 Atheniensem
1921 2651 1971 2692 30

245 2718 647 2778 Demosthenem,
697 2719 748 2768 in
795 2736 896 2783 quo
942 2728 1133 2769 tantum
1179 2719 1397 2769 studium
1442 2719 1591 2769 fuisse
1636 2727 1899 2783 tantusque

243 2797 381 2846 labor
421 2799 610 2859 dicitur,
654 2809 709 2849 ut
748 2801 961 2864 primum
1002 2800 1357 2864 impedimenta
1402 2809 1603 2849 naturae
1649 2798 1899 2863 diligentia

243 2877 579 2942 industriaque
620 2890 881 2942 superaret,
926 2897 1140 2944 cumque
1180 2880 1247 2929 ita
1293 2880 1468 2929 balbus
1515 2888 1656 2939 esset,
1699 2887 1753 2928 ut
1793 2878 1898 2928 eius

247 2958 396 3021 ipsius
421 2959 548 3019 artiS‚
577 2961 656 3009 cui
680 2963 909 3021 studeret,
937 2961 1145 3024 primam
1169 2961 1378 3010 litteram
1403 2977 1505 3010 non
1527 2967 1694 3023 posset
1718 2958 1894 3019 dicere,

160 922 220 969 61

142 998 218 1049 258
