2150 3444
763 157 859 208 DE
896 156 1238 209 ORATORE
1310 115 1394 207 lII
1935 171 1990 223 15
2009 178 2058 224 57

245 313 306 347 ac
327 298 611 362 quaerenda
634 304 683 347 et
707 295 1047 362 investiganda
1069 297 1326 347 duxerunt.
1390 297 1521 346 Nam
1547 305 1686 346 vetus
1711 297 1914 362 quidem

246 377 329 427 illa
350 376 576 427 doctrina
599 378 775 428 eadem
800 377 993 428 videtur
1015 386 1064 427 et
1088 385 1221 428 recte
1252 375 1468 427 faciendi
1490 386 1538 426 et
1562 378 1692 428 bene
1717 378 1917 429 dicendi

247 457 477 523 magistra
493 476 508 520 ;
542 475 706 523 neque
729 458 963 508 disiuncti
987 460 1230 519 doctoreS,
1259 460 1347 508 sed
1372 457 1535 508 eidem
1561 467 1698 508 erant
1722 459 1920 510 vivendi

247 547 592 605 praeceptores
615 548 766 604 atque
788 539 1003 600 dicendi,
1025 548 1080 588 ut
1103 539 1186 588 ille
1209 540 1344 604 apud
1371 541 1654 589 Homerum
1680 540 1917 601 Phoenix,

202 634 230 681 5
249 621 337 687 qui
374 638 428 672 se
466 638 497 671 a
534 624 684 672 Peleo
722 630 859 686 patre
895 620 1078 671 Achilli
1125 620 1291 670 iuveni
1328 620 1563 671 comitem
1603 639 1710 672 esse
1748 624 1921 672 datum

247 702 369 754 dicit
391 704 457 754 ad
486 703 685 764 bellurn,
712 711 767 752 ut
794 703 1007 752 efficeret
1038 710 1283 752 oratorem
1308 703 1570 753 verborum
1602 712 1921 767 actoremque

246 799 422 836 rerum.
495 785 595 834 Sed
635 792 691 833 ut
730 782 958 832 homines
998 782 1167 833 labore
1207 781 1420 833 adsiduo
1459 794 1510 833 et
1551 783 1804 834 cotidiano
1838 785 1922 834 ad·
1944 784 1996 837 58

247 864 387 925 sueti,
414 880 531 915 cum
554 863 860 929 tempestatis
885 880 1033 914 causa
1057 879 1207 928 opere
1237 863 1575 928 prohibentur,
1601 866 1667 914 ad
1690 864 1841 929 pilam
1867 882 1921 915 se

246 954 333 996 aut
372 947 438 996 ad
478 947 603 995 talos
643 954 728 995 aut
768 946 833 995 ad
872 944 1078 996 tesseras
1119 947 1381 995 conferunt
1418 955 1503 996 aut
1545 946 1692 996 etiam
1734 964 1921 997 novum

175 1044 227 1075 ro
248 1026 344 1080 sibi
367 1026 461 1092 ipsi
483 1026 700 1091 aliquem
725 1027 1003 1091 excogitant
1032 1026 1084 1076 in
1116 1027 1219 1077 otio
1250 1030 1439 1088 ludum,
1467 1027 1537 1077 sic
1569 1027 1638 1077 illi
1661 1045 1690 1077 a
1713 1028 1924 1092 negotiis

247 1108 462 1175 publicis
507 1118 763 1173 tamquam
808 1109 872 1158 ab
921 1125 1070 1172 opere
1124 1117 1210 1157 aut
1256 1108 1562 1173 temporibus
1610 1108 1794 1158 exclusi
1840 1118 1925 1158 aut

248 1191 503 1240 voluntate
540 1206 629 1239 sua
668 1189 824 1239 feriati
866 1198 997 1239 totos
1036 1206 1088 1239 se
1126 1189 1207 1239 alii
1253 1191 1318 1240 ad
1359 1199 1544 1255 poetaS,
1589 1190 1671 1239 alii
1711 1191 1776 1240 ad
1813 1207 1924 1255 geo-

250 1279 444 1331 metraS,
470 1269 556 1319 alii
576 1271 642 1320 ad
667 1269 890 1319 musicosv
915 1272 1246 1332 contulerunt,
1270 1269 1352 1319 alii
1385 1269 1548 1330 etiarn,
1576 1280 1630 1319 ut
1662 1270 1921 1332 dialectici,

249 1368 439 1404 novum
461 1351 555 1401 sibi
587 1350 680 1415 ipsi
713 1351 932 1401 studium
969 1353 1244 1415 ludumque
1276 1360 1571 1416 pepererunt
1603 1361 1753 1416 atque
1777 1351 1828 1401 in
1853 1353 1923 1402 eis

180 1445 228 1490 15
248 1433 447 1493 artibus,
477 1447 604 1496 quae
628 1441 847 1496 repertae
871 1441 1002 1494 sunt,
1026 1441 1081 1482 ut
1104 1448 1370 1496 puerorum
1395 1442 1587 1482 mentes
1611 1434 1676 1483 ad
1700 1433 1925 1482 humani-

249 1523 402 1564 tatem
420 1514 719 1578 fingerentur
740 1523 890 1578 atque
909 1513 1153 1574 virtutem,
1171 1530 1321 1564 omne
1345 1522 1541 1579 tempus
1565 1523 1714 1578 atque
1737 1522 1923 1563 aetates

251 1612 364 1645 suas
388 1604 814 1660 consumpserunt.
887 1596 986 1645 Sed
1017 1596 1154 1659 quod
1183 1603 1320 1666 erant
1348 1595 1553 1660 quidam
1586 1595 1731 1660 eique
1763 1594 1919 1656 multi,
1943 1569 2005 1620 ¹6

250 1677 337 1742 qui
373 1686 458 1726 aut
493 1675 545 1726 in
585 1694 637 1726 re
672 1676 871 1741 publica
905 1685 1104 1741 propter
1138 1676 1419 1741 ancipitem,
1458 1694 1586 1742 quae
1622 1693 1724 1727 non
1759 1685 1924 1742 potest
1944 1656 1999 1700 ⁵9

250 1775 359 1809 esse
393 1757 628 1819 seiuncta,
666 1757 880 1808 faciendi
917 1757 1218 1822 dicendique
1256 1758 1547 1822 sapientiam
1589 1760 1831 1819 florerent,
1872 1767 1926 1807 ut

178 1860 231 1892 πο
250 1840 627 1900 ThemistocleS,
665 1848 720 1888 ut
756 1838 982 1899 PericleS,
1021 1848 1075 1888 ut
1111 1840 1461 1900 Theramenes,
1501 1849 1616 1900 aut,
1638 1839 1723 1904 qui
1762 1839 1926 1888 minus

250 1922 343 1987 ipsi
381 1922 433 1972 in
480 1938 535 1972 re
577 1920 778 1986 publica
818 1928 1136 1980 versarentur,
1181 1921 1270 1970 sed
1308 1920 1454 1969 huius
1496 1929 1663 1970 tamen
1701 1920 1926 1971 eiusdem

251 2002 522 2068 sapientiae
578 2003 808 2053 doctores
873 2010 1051 2061 essent,
1112 2010 1167 2050 ut
1226 2001 1446 2066 GorgiaS,
1509 2003 1923 2066 ThrasymachuS‚

253 2085 510 2145 Isocrates,
548 2082 736 2133 inventi
773 2092 901 2144 sunt,
941 2082 1042 2147 qui,
1081 2099 1196 2132 cum
1238 2082 1332 2148 ipsi
1367 2082 1593 2133 doctrina
1628 2093 1677 2133 et
1718 2083 1927 2148 ingeniis

251 2167 575 2227 abundarent,
601 2181 633 2215 a
667 2181 719 2215 re
754 2174 920 2215 autem
956 2164 1086 2214 civili
1123 2174 1171 2214 et
1206 2181 1237 2217 a
1271 2165 1481 2229 negotiis
1516 2164 1668 2215 animi
1705 2167 1925 2230 quodam

178 2263 229 2307 ²5
252 2247 437 2298 iudicio
459 2248 796 2308 abhorrerent,
819 2248 950 2296 hanc
974 2246 1175 2296 dicendi
1202 2246 1603 2296 exercitationem
1627 2246 1926 2311 exagitarent

251 2338 402 2393 atque
430 2336 839 2388 contemnerent3
875 2343 1087 2390 quorum
1120 2326 1349 2391 princeps
1383 2329 1608 2377 Socrates
1639 2327 1747 2389 fuit,
1772 2327 1813 2377 is
1838 2327 1925 2392 qui
1946 2334 2001 2377 60

252 2409 477 2460 omniurn
512 2408 817 2459 eruditorum
859 2407 1144 2458 testimonio
1179 2407 1431 2472 totiusque
1466 2408 1652 2459 iudicio
1689 2408 1926 2459 Graeciae

252 2506 368 2540 cum
403 2489 666 2555 prudentia
699 2497 749 2538 et
782 2487 1013 2538 acumine
1053 2497 1103 2539 et
1137 2498 1396 2539 venustate
1429 2498 1479 2539 et
1515 2489 1784 2540 subtilitate
1818 2499 1926 2540 tum

252 2587 368 2621 vero
391 2569 688 2635 eloquentia,
710 2568 954 2630 varietate,
983 2569 1140 2634 copia,
1168 2586 1318 2634 quam
1344 2587 1396 2619 se
1421 2587 1636 2635 cumque
1661 2571 1711 2620 in
1736 2580 1925 2636 partem

178 2670 232 2712 30
253 2653 472 2704 dedisset
500 2651 725 2703 omnium
758 2651 850 2701 fuit
880 2651 1022 2701 facile
1053 2652 1294 2717 princepS,
1323 2653 1495 2716 eisque,
1523 2653 1609 2717 qui
1633 2655 1769 2714 haec,
1797 2670 1926 2718 quae

252 2750 388 2784 nunc
437 2750 531 2784 nos
576 2733 872 2797 quaerimus,
921 2742 1201 2795 tractarent,
1246 2744 1460 2798 agerent,
1509 2736 1761 2796 docerent,
1808 2751 1924 2785 cum

252 2815 457 2865 nomine
492 2815 855 2879 appellarentur
891 2831 1006 2877 un0,
1045 2816 1183 2879 quod
1221 2815 1384 2865 omnis
1422 2833 1583 2866 rerum
1625 2815 1924 2882 optimarum

305 2948 333 2987 8
362 2951 619 2998 tempestate
638 2944 676 2984 L
799 2958 852 2985 πο
880 2946 1021 2996 quivis
1040 2946 1112 2996 qui
1132 2947 1272 2987 minus
1291 2944 1409 2989 codd.
1528 2949 1582 2988 26
1611 2948 1688 2988 fuit
1707 2947 1930 2989 damnavit

252 3001 420 3042 Ellendt
582 3013 637 3050 30
665 3012 766 3051 -que
786 2999 949 3040 addidit
966 2999 1094 3050 Soroj

1740 3072 1817 3112 13*
