2150 3444
116 143 181 204 58
203 151 282 204 236
763 142 843 190 M:
874 141 1085 189 TVLLI
1124 140 1508 190 CICERONIS

300 288 376 331 est
391 299 405 342 3
452 283 530 331 vel
575 281 712 345 quod
758 279 1060 330 admirantur
1105 296 1280 329 omnes
1325 296 1536 330 acumen
1582 297 1684 330 uno
1723 298 1870 346 saepe
1907 284 1961 332 in

300 361 451 411 verbo
486 361 702 425 positum
738 360 949 410 maxime
983 359 1340 424 respondentis,
1368 377 1471 409 non
1505 378 1778 424 numquam
1813 361 1961 412 etiam

300 442 582 492 lacessentis
599 461 612 503 3
659 444 736 492 vel
774 444 910 506 quod
956 441 1132 505 frangit
1172 441 1516 501 adversarium,
1557 443 1694 505 quod
1738 441 1959 506 impedit,

299 525 437 587 quod
469 526 637 583 elevat,
666 525 802 588 quod
838 526 1063 584 deterret,
1090 525 1228 587 quod
1263 525 1440 573 refutat
1456 541 1470 584 3
1515 525 1593 572 vel
1628 525 1765 586 quod
1798 523 1961 588 ipsum

300 614 542 655 oratorem
571 605 779 669 politum
816 622 922 655 esse
958 604 1213 654 hominem
1250 604 1502 667 significat,
1531 605 1669 667 quod
1699 604 1957 666 eruditum,
1985 617 2008 660 5

300 688 437 750 quod
490 687 745 747 urbanum,
796 686 1007 736 maxime
1065 688 1202 750 quod
1251 685 1494 735 tristitiam
1522 691 1605 735 'ac
1655 685 1961 736 severitatem

300 767 489 832 mitigat
526 777 575 818 et
614 771 795 818 relaxat
832 768 1129 832 odiosasque
1175 764 1250 818 res
1297 785 1457 832 saepe,
1498 783 1620 831 quas
1665 765 1963 830 argumentis

198 862 275 907 237
299 848 421 898 dilui
445 866 547 898 non
571 849 712 898 facile
737 858 823 909 est,
851 849 962 898 ioco
985 848 1183 912 risuque
1207 848 1441 898 dissolvit.
1516 849 1773 910 Quatenus
1795 855 1962 897 autem

298 929 396 978 sint
419 929 624 979 ridicula
647 932 902 980 tractanda
924 929 1116 989 oratori,
1143 947 1381 993 perquam
1409 929 1667 993 diligenter
1689 928 1961 980 videndum

299 1019 384 1070 est,
425 1012 562 1074 quod
597 1010 648 1059 in
697 1019 872 1074 quarto
921 1012 1034 1060 loco
1086 1010 1355 1073 quaerendi
1407 1027 1741 1074 posueramus.
1829 1012 1960 1061 Nam
1987 1029 2039 1060 10

298 1108 392 1140 nec
416 1090 618 1155 insignis
650 1090 938 1154 improbitas
970 1098 1019 1140 et
1051 1092 1234 1139 scelere
1266 1090 1434 1139 iuncta
1464 1108 1558 1140 nec
1581 1107 1744 1140 rursus
1767 1090 1964 1141 miseria

299 1171 502 1235 insignis
533 1171 713 1235 agitata
743 1171 956 1220 ridetur:
997 1170 1296 1220 facinerosos
1331 1169 1505 1237 [enim]
1531 1171 1715 1222 maiore
1746 1173 1962 1235 quadam

299 1252 346 1302 vi
366 1269 511 1316 quam
539 1251 731 1301 ridiculi
755 1251 996 1301 vulnerari
1020 1254 1193 1300 volunt
1213 1269 1226 1313 3
1262 1251 1467 1302 miseros
1485 1251 1644 1302 inludi
1658 1253 1849 1312 nolunt,
1867 1251 1963 1302 nisi

299 1350 351 1383 se
398 1335 522 1383 forte
568 1332 783 1394 iactant3
834 1334 1139 1397 parcendum
1186 1341 1353 1383 autem
1399 1332 1611 1383 maxime
1657 1341 1731 1383 est
1775 1331 1964 1383 caritati

298 1414 571 1474 hominum,
610 1431 674 1464 ne
713 1422 897 1464 temere
938 1414 990 1463 in
1025 1431 1111 1464 eos
1151 1413 1300 1474 dicaS,
1340 1413 1425 1478 qui
1465 1414 1744 1478 diliguntur.
1817 1416 1963 1465 Haec
1988 1427 2036 1476 15

297 1495 442 1559 igitur
468 1494 754 1546 adhibenda
778 1504 851 1544 est
874 1494 1089 1559 primum
1122 1495 1175 1544 in
1204 1494 1419 1545 iocando
1442 1495 1716 1546 moderatio
1735 1513 1750 1558 3
1795 1494 1963 1560 itaque

297 1594 357 1626 ea
379 1576 609 1627 facillime
632 1578 881 1637 luduntur,
910 1594 1037 1640 quae
1060 1594 1224 1641 neque
1248 1576 1367 1627 odio
1391 1594 1572 1641 magno
1595 1594 1759 1641 neque
1781 1574 1964 1627 miserie

297 1657 466 1707 cordia
500 1656 713 1706 maxima
747 1656 896 1721 digna
930 1666 1077 1719 sunt3
1113 1674 1263 1721 quam
1299 1657 1367 1707 ob
1400 1674 1504 1707 rem
1539 1657 1765 1708 materies
1799 1656 1963 1707 omnis

297 1738 615 1788 ridiculorum
663 1746 737 1787 est
773 1737 824 1786 in
866 1738 936 1787 eis
973 1737 1116 1798 vitiis,
1157 1755 1285 1802 quae
1320 1747 1435 1788 sunt
1474 1737 1527 1787 in
1563 1737 1663 1788 vita
1701 1737 1961 1788 hominum

298 1835 462 1883 neque
493 1836 716 1869 carorum
752 1835 915 1882 neque
950 1818 1349 1869 calamitosorum
1378 1836 1542 1883 neque
1573 1836 1757 1879 eorum,
1784 1817 1870 1882 qui
1893 1818 1961 1869 ob
1987 1841 2038 1870 20

298 1900 488 1949 facinus
511 1901 576 1950 ad
600 1899 894 1964 supplicium
919 1899 1141 1963 rapiendi
1159 1899 1386 1950 videntur
1401 1919 1416 1963 3
1451 1917 1609 1964 eaque
1631 1901 1760 1950 belle
1782 1899 1963 1964 agitata

196 2000 276 2042 239
299 1980 530 2031 ridentur.
605 1983 695 2030 Est
727 1980 875 2030 etiam
908 1980 1231 2030 deformitatis
1263 1990 1313 2031 et
1347 1980 1563 2045 corporis
1586 1979 1815 2031 vitiorum
1843 1981 1960 2031 satis

298 2063 430 2112 bella
460 2061 685 2111 materies
714 2062 779 2111 ad
811 2061 1109 2123 iocandum3
1144 2064 1233 2112 sed
1268 2061 1548 2126 quaerimus
1572 2061 1721 2123 idem,
1746 2064 1884 2127 quod
1907 2061 1960 2112 in

296 2142 469 2193 ceteris
506 2142 652 2192 rebus
688 2142 900 2192 maxime
935 2144 1273 2207 quaerendum
1314 2152 1400 2203 est,
1440 2152 1681 2207 quatenus
1697 2161 1712 2205 3
1767 2142 1820 2192 in
1858 2161 1959 2207 quo

295 2241 398 2273 non
434 2225 587 2273 modo
621 2223 744 2273 illud
779 2223 1088 2288 praecipitur,
1117 2242 1181 2274 ne
1213 2224 1335 2288 quid
1369 2224 1570 2286 insulse,
1601 2226 1691 2275 sed
1725 2224 1887 2286 etiam,
1917 2223 1960 2274 si
1984 2245 2034 2286 25

295 2305 418 2369 quid
463 2303 754 2370 perridicule
800 2304 973 2368 possis,
1022 2305 1279 2356 vitandum
1335 2314 1410 2356 est
1455 2305 1635 2356 oratori
1681 2315 1962 2370 utrumque,
2076 2300 2078 2303 ’

294 2404 359 2436 ne
393 2394 478 2436 aut
512 2385 723 2436 scurrilis
760 2385 898 2436 iocus
937 2386 998 2435 sit
1035 2396 1120 2436 aut
1154 2387 1394 2437 mimicus.
1468 2389 1612 2450 Quae
1646 2387 1788 2437 cuius
1822 2387 1960 2438 modi

294 2468 392 2517 sint
437 2467 626 2517 facilius
673 2467 772 2517 iam
819 2467 1174 2532 intellegemUS,
1218 2485 1333 2519 cum
1378 2470 1444 2520 ad
1490 2468 1598 2534 ipsa
1641 2468 1959 2520 ridiculorum

292 2566 472 2613 genera
493 2548 783 2599 venerimus,

206 1385 276 1435 59

199 1452 275 1500 238

346 2675 400 2715 M
417 2697 452 2711 =
472 2676 584 2716 HA2
775 2691 800 2727 4
831 2677 997 2718 delevat
1015 2676 1070 2716 M
1190 2679 1219 2717 6
1247 2678 1512 2729 maximeque
1533 2677 1570 2716 L
1589 2677 1702 2730 vulg.
1835 2691 1886 2718 10
1914 2678 1957 2718 id
1986 2685 1990 2688 ⁴

293 2733 406 2782 quod
423 2731 459 2770 L
480 2732 593 2784 vulg.
716 2745 763 2771 12
794 2733 905 2771 enim
927 2745 1011 2771 om.
1036 2731 1089 2770 M
1198 2745 1247 2782 13
1277 2733 1456 2772 miseros
1476 2733 1611 2772 inludi
1632 2732 1782 2772 nolunt
1801 2745 1884 2773 om.
1907 2730 1962 2772 M

297 2786 346 2837 14
374 2791 515 2826 autem
546 2792 613 2826 est
643 2787 825 2826 maxime
846 2786 938 2824 Ae:
985 2787 1099 2826 enirn
1124 2799 1234 2826 max.
1266 2792 1332 2826 est
1362 2800 1406 2825 m
1573 2799 1620 2836 17
1651 2786 1848 2826 facillime
1867 2815 1879 2826 .
1905 2815 1915 2826 .
1939 2815 1952 2828 .

293 2853 447 2890 magno
469 2854 609 2890 neque
630 2854 713 2880 om.
739 2840 792 2878 M
898 2853 946 2879 21
980 2841 1137 2890 agitata
1165 2841 1408 2880 ridenturL
1422 2841 1531 2891 vulg.
1553 2854 1563 2879 ε
1592 2840 1745 2891 agitari
1760 2841 1957 2880 videntur

293 2893 368 2932 M:
388 2907 522 2944 eaque
544 2925 553 2934 .
578 2925 587 2936 .
610 2924 618 2934 .
642 2896 834 2935 ridentur
853 2895 1010 2933 seclusit
1028 2894 1232 2934 Friedrich
1388 2907 1441 2934 22
1471 2894 1550 2934 Est
1583 2907 1668 2934 om.
1706 2893 1759 2933 M
1899 2904 1954 2945 25

293 2949 417 2988 modo
439 2962 481 2988 ετ
513 2962 597 2990 om.
621 2948 733 2990 codd.
849 2949 948 3000 quid
969 2962 1052 2990 om.
1076 2947 1148 2988 M:
1179 2948 1275 3000 quis
1294 2947 1351 2987 P1
1498 2961 1549 2998 27
1580 2949 1780 2999 cuiusque
1797 2948 1835 2988 L
