2060 3432
866 153 1265 201 PRAEFATIO

237 291 426 352 integro
452 291 670 352 quodam
696 289 820 338 libro
846 290 1118 338 levissimae
1137 289 1436 340 auctoritatis
1461 291 1684 354 explevit.
1757 278 1990 341 Con-la&

235 376 345 424 tulit
370 378 439 425 vir
475 376 770 425 clarissimus
801 378 1006 427 Carolus
1040 376 1286 437 Halmius,
1314 375 1398 440 qui
1430 393 1529 440 qua
1561 385 1663 426 erat
1694 392 1888 441 semper

234 465 580 514 benevolentia
606 465 725 514 mihi
752 481 877 529 opus
902 482 1046 524 suum
1071 467 1312 539 utendum
1339 464 1489 525 dedit,
1511 463 1743 515 adhibitis
1767 480 1887 528 quo-

233 569 330 616 que
354 552 700 602 collationibus
732 570 762 602 a
795 552 1068 613 Stroebelio
1101 562 1149 603 et
1181 569 1210 602 a
1242 552 1460 616 Stanglio
1485 553 1637 602 factis.
1711 550 1885 615 Qualis
1917 567 1927 575 ·

232 639 357 689 inter
382 633 471 690 hos
498 650 645 690 testes
672 640 942 691 intercedat
962 642 1190 705 cognatio
1210 642 1394 705 primus
1420 642 1590 691 docuit
1614 641 1885 691 luculenter

230 717 545 788 Stroebelius,
574 728 657 778 illo
681 738 940 779 stemmate
965 728 1215 778 instituto:

843 817 991 856 Codex
1011 818 1271 867 archetypus

393 993 545 1034 Codex
565 994 734 1043 ignotus
903 1034 908 1037 ,
1385 994 1534 1034 Codex
1552 993 1722 1045 ignotus
1782 1037 1785 1039 ,

368 1115 649 1210 Abrincensis
697 1207 700 1209 .
811 1118 1089 1213 Abrinc'ensis
1108 1169 1316 1221 gemellus
1401 1215 1404 1216 ⁷
1444 1054 1704 1209 Harlieianus

961 1278 1236 1330 Erlangensis

228 1354 310 1402 Ad
336 1355 550 1416 optimos
576 1363 722 1403 testes
742 1357 934 1405 accedit
953 1373 1153 1419 quoque
1173 1354 1294 1404 liber
1313 1354 1469 1403 Vatic.
1493 1356 1614 1417 Reg.
1640 1356 1763 1415 1762
1784 1350 1879 1418 (R)

226 1441 276 1488 in
301 1457 402 1504 quo
426 1442 679 1505 presbyter
703 1443 905 1505 quidam
934 1445 1236 1494 Hadoardus
1262 1459 1364 1492 non
1397 1443 1529 1491 nulla
1558 1458 1617 1491 ex
1649 1441 1784 1491 libris
1814 1432 1892 1508 ‘de—

225 1529 432 1579 Oratore
457 1529 616 1593 primo
643 1539 690 1579 et
715 1532 868 1580 altero
893 1531 1131 1595 excerpsit
1155 1541 1209 1580 ut
1234 1532 1372 1594 quasi
1397 1529 1612 1593 epitome
1637 1530 1784 1579 fieret.

290 1619 514 1667 Alterum
562 1635 716 1682 genus
762 1621 993 1669 codicum
1037 1621 1321 1669 mutilorum
1362 1620 1520 1668 multo
1562 1616 1764 1668 minoris
1805 1627 1878 1669 est

223 1706 520 1755 faciendum.
591 1708 722 1755 Nam
765 1717 939 1770 quarto
981 1707 1177 1757 decimo
1219 1709 1422 1757 demum
1464 1707 1540 1756 vel
1581 1705 1756 1770 quinto
1797 1708 1878 1756 de-

221 1794 352 1843 cimo
400 1796 596 1845 saeculo
644 1798 870 1860 exscripti
918 1806 1032 1846 sunt
1079 1813 1137 1846 ex
1184 1796 1439 1846 codicibus
1487 1795 1588 1845 sive
1628 1797 1704 1844 his
1750 1812 1876 1859 quos

223 1882 602 1944 nominavimus,
631 1885 682 1933 id
707 1886 843 1947 quod
877 1886 940 1933 de
977 1886 1142 1934 multis
1175 1886 1290 1934 satis
1324 1892 1471 1948 patet,
1499 1885 1600 1933 sive
1623 1882 1729 1933 aliis
1755 1886 1876 1934 eius-

221 1972 335 2019 dem
360 1971 551 2035 generis
586 1989 685 2021 non
722 1973 1020 2035 melioribus,
1047 1973 1113 2023 ita
1141 1983 1195 2023 ut
1229 1989 1397 2023 secure
1429 1971 1572 2030 liceat
1604 1974 1870 2037 neglegere.

221 2060 284 2106 Et
310 2058 349 2107 si
376 2060 496 2122 quid
521 2061 601 2108 hic
627 2060 724 2109 illic
749 2062 922 2110 melius
949 2061 1182 2125 expiscari
1209 2063 1364 2121 datur,
1386 2077 1487 2110 non
1513 2060 1606 2110 nisi
1630 2059 1875 2111 coniectu-

218 2162 298 2195 rae
324 2146 477 2196 felicis
511 2149 623 2198 loco
657 2158 729 2198 est
761 2151 1065 2212 ponendum.
1137 2152 1285 2200 Adde
1315 2151 1452 2214 quod
1485 2167 1585 2199 non
1622 2149 1737 2199 satis
1770 2151 1875 2200 dili—

216 2224 385 2297 genter
403 2235 623 2300 plerique
649 2246 763 2286 sunt
787 2238 964 2299 collati,
989 2240 1056 2287 ita
1079 2248 1133 2288 ut
1152 2240 1303 2289 fidem
1329 2237 1700 2303 Lagomarsinio
1723 2237 1872 2289 veteri

218 2324 372 2371 multa
414 2325 478 2373 de
523 2326 780 2375 codicibus
824 2326 958 2376 Italis
1001 2326 1333 2391 suppeditanti
1374 2326 1569 2391 saepius
1611 2328 1728 2377 dare
1770 2343 1872 2377 non

215 2426 469 2473 queamus.
543 2414 741 2462 Horum
781 2415 1118 2475 testimonium
1158 2414 1281 2478 siglo
1319 2415 1407 2481 (m)
1451 2417 1551 2464 sive
1589 2431 1649 2466 ex
1687 2431 1789 2465 uno
1823 2424 1872 2465 et

214 2499 368 2548 altero
393 2498 495 2549 sive
520 2515 548 2550 e
572 2501 794 2563 pluribus
821 2492 1026 2553 ductum
1053 2505 1270 2554 indicare
1295 2505 1410 2553 satis
1436 2520 1544 2554 esse
1568 2497 1847 2554 habuimus.

220 2584 504 2637 f-fTertium
539 2577 733 2652 genus
778 2600 851 2640 est
904 2579 1134 2642 codicum
1195 2595 1341 2656 longe
1394 2586 1730 2656 plurimorum,
1755 2587 1757 2589 ’
1784 2592 1870 2656 qui

213 2682 401 2724 textum
438 2676 676 2740 praebent
710 2677 952 2742 integrum
987 2681 1073 2730 sed
1108 2683 1324 2732 eundem
1361 2681 1566 2732 minime
1601 2682 1869 2741 fidum,‚ut-

213 2772 329 2826 pote
355 2765 547 2814 mendis
573 2766 794 2829 plurimis
816 2777 1084 2819 scatentem
1111 2779 1159 2820 et
1185 2772 1418 2820 Italorum
1439 2770 1667 2831 manibus
1685 2768 1867 2834 passim

212 2852 571 2916 interpolatum.
666 2855 766 2904 Hic
819 2866 983 2906 autem
1008 2892 1010 2894 -
1038 2857 1188 2907 oritur
1241 2858 1364 2908 inter
1416 2861 1595 2910 doctos>
1643 2859 1866 2922 quaestio

213 2942 557 2990 vexatissim-a.-
609 2944 738 2991 Nam
779 2960 890 2992 cum
932 2943 1101 2993 litteris
1140 2945 1326 2996 Latinis
1363 2945 1459 2995 iam
1497 2945 1864 2997 renascentibus

1014 3042 1059 3074 ιν
