2150 3444
751 133 846 182 DE
881 132 1220 183 ORATORE
1252 111 1259 118 ’
1292 135 1314 182 1
1887 139 1961 200 46
1981 157 2057 191 202

213 279 385 326 nostro
417 271 770 338 conquirimus,
808 273 897 323 sed
937 289 1051 322 eum
1092 271 1264 333 virum,
1291 274 1376 338 qui
1418 273 1630 338 primum
1666 276 1727 327 sit
1767 277 1871 328 eius

211 351 328 410 artis
349 351 568 415 antisteS,
594 352 735 404 cuius
773 370 887 403 cum
925 352 1031 418 ipsa
1062 362 1235 404 natura
1259 370 1488 418 magnam
1512 355 1703 406 homini
1726 359 1872 409 facul-

213 441 365 487 tatem
397 434 548 495 daret,
575 441 742 485 auctor
763 443 929 485 tamen
968 451 1076 485 esse
1114 436 1236 485 deus
1275 444 1485 499 putatur,
1513 444 1566 486 ut
1604 436 1656 487 id
1693 437 1869 502 ipsum,

213 515 352 580 quod
397 523 500 567 erat
545 515 760 566 hominis
806 514 1073 580 proprium,
1123 532 1224 565 non
1273 525 1466 580 partum
1507 533 1593 581 per
1635 534 1739 578 n08‚
1784 520 1872 569 sed

131 637 135 642 ,
166 613 192 660 5
213 593 447 646 divinitus
478 596 545 647 ad
575 612 667 647 nos
705 597 924 646 delatum
949 595 1224 658 videretur3
1259 596 1454 657 deinde,
1483 597 1568 661 qui
1593 598 1747 662 possit
1771 616 1872 649 non

213 684 316 727 tam
343 677 566 727 caduceo
601 693 751 742 quam
789 675 992 726 nomine
1027 677 1230 727 oratoris
1269 687 1469 728 ornatus
1502 677 1762 729 incolumis
1797 682 1873 729 vel

213 756 342 808 inter
384 757 602 809 hostium
649 759 746 808 tela
791 757 968 807 versari
985 775 1000 819 3
1048 767 1167 818 tum,
1212 758 1298 823 qui
1345 760 1504 808 scelus
1551 760 1874 823 fraudemque

213 837 438 893 nocentis
472 837 628 902 possit
663 838 879 889 dicendo
915 838 1137 888 subicere
1173 839 1291 890 odio
1328 839 1508 890 civium
1533 840 1875 905 supplicioque

214 917 545 983 constringere
561 937 576 980 3
610 918 843 983 idemque
875 919 1040 983 ingeni
1072 920 1316 984 praesidio
1349 920 1684 971 innocentiam
1709 920 1876 971 iudici-

144 1018 196 1051 ιο
214 1015 357 1053 orum
396 1015 560 1064 poena
596 999 800 1050 liberare
818 1018 832 1061 3
883 1000 1117 1065 idemque
1164 1004 1479 1066 languentem
1527 1003 1876 1066 labentemque

213 1081 455 1146 populum
478 1089 563 1131 aut
586 1082 652 1131 ad
676 1082 829 1131 decus
868 1081 1077 1131 excitare
1109 1092 1193 1132 aut
1226 1083 1290 1132 ab
1322 1100 1482 1133 errore
1510 1084 1757 1134 deducere
1792 1092 1876 1134 aut

213 1161 518 1213 inflammare
553 1161 604 1212 in
642 1162 895 1226 improbos
930 1172 1015 1213 aut
1052 1163 1308 1214 incitatum
1345 1164 1395 1214 in
1434 1165 1593 1216 bonos
1626 1165 1845 1230 mitigare
1863 1184 1877 1227 3

213 1242 301 1308 qui
323 1242 554 1308 denique,
581 1260 948 1308 quemcumque
987 1245 1037 1294 in
1075 1246 1253 1296 animis
1287 1246 1547 1296 hominum
1573 1255 1764 1297 motum
1800 1264 1876 1297 res

213 1331 264 1377 et
281 1340 430 1377 causa
451 1326 682 1389 postulet,
704 1342 818 1375 eum
844 1325 1060 1376 dicendo
1079 1329 1155 1376 vel
1181 1327 1389 1377 excitare
1409 1327 1563 1392 possit
1587 1329 1664 1377 vel
1689 1325 1871 1378 sedare.

142 1421 192 1466 15
215 1406 367 1460 Hanc
388 1405 490 1458 vim
508 1405 549 1456 si
573 1406 683 1471 quis
702 1406 946 1457 existimat
969 1417 1053 1458 aut
1072 1409 1137 1458 ab
1161 1408 1244 1469 eiS,
1267 1408 1351 1473 qui
1377 1410 1440 1459 de
1465 1408 1665 1459 dicendi
1688 1409 1876 1460 ratione
1903 1426 1977 1466 203

214 1485 525 1551 scripserunt,
569 1488 841 1552 expositam
880 1506 987 1540 esse
1028 1499 1112 1540 aut
1152 1507 1182 1539 a
1229 1507 1308 1539 me
1356 1507 1502 1555 posse
1548 1490 1728 1555 exponi
1775 1499 1875 1541 tam

215 1568 364 1630 brevi,
389 1571 707 1620 vehementer
730 1580 854 1620 errat
879 1587 1042 1635 neque
1072 1573 1231 1621 solum
1265 1571 1570 1622 inscientiam
1601 1588 1764 1622 meam
1789 1573 1878 1623 sed

213 1666 279 1700 ne
312 1667 474 1701 rerum
509 1651 712 1716 quidem
744 1652 1134 1717 magnitudinem
1161 1653 1421 1717 perspicit:
1459 1653 1692 1718 equidem
1717 1652 1873 1714 vobiS‚

213 1731 450 1797 quoniam
486 1732 553 1782 ita
587 1733 822 1794 voluistis,
861 1734 1023 1794 fontis,
1055 1736 1189 1785 unde
1225 1733 1493 1794 hauriretis,
1520 1743 1669 1798 atque
1705 1733 1877 1784 itinera

141 1834 191 1865 ιο
213 1812 320 1879 ipsa
342 1813 411 1864 ita
443 1814 612 1879 putavi
650 1832 758 1866 esse
795 1817 1194 1876 demonstranda,
1222 1832 1324 1866 non
1360 1823 1414 1864 ut
1446 1814 1551 1878 ipse
1575 1816 1676 1865 dux
1700 1832 1874 1876 essem,

212 1896 352 1960 quod
374 1905 423 1946 et
446 1895 694 1946 infinitum
719 1906 794 1946 est
818 1906 867 1947 et
899 1914 1001 1948 non
1037 1896 1383 1956 necessarium,
1411 1897 1500 1946 sed
1535 1905 1588 1946 ut
1625 1913 1877 1947 common-

212 1986 415 2029 strarem
452 1986 645 2030 tantum
680 1978 810 2028 viam
849 1987 911 2040 et,
956 1988 1009 2029 ut
1051 1978 1154 2029 fieri
1192 1980 1331 2038 solet,
1375 1976 1582 2041 digitum
1620 1980 1686 2028 ad
1727 1978 1877 2029 fontis

212 2057 550 2111 intenderem!

283 2143 298 2173 ⁶
315 2139 444 2190 Mihi
459 2144 610 2192 vvero’
634 2141 793 2207 inquit
828 2142 1027 2193 Mucius
1055 2142 1198 2192 ‘satis
1231 2159 1475 2207 superque
1497 2142 1587 2192 abs
1612 2151 1660 2191 te
1684 2140 1876 2192 videtur
1895 2125 1961 2177 47

141 2241 190 2284 ²5
212 2219 418 2274 istorum
442 2222 631 2284 studiis,
659 2223 700 2274 si
724 2225 877 2274 modo
901 2233 1016 2274 sunt
1040 2224 1262 2285 studiosi,
1284 2241 1391 2275 esse
1415 2225 1599 2274 factum
1616 2241 1630 2284 3
1665 2239 1795 2283 nam,
1821 2231 1877 2272 ut
1901 2204 1976 2246 ²⁰4

213 2303 466 2354 Socratem
506 2304 644 2355 illum
686 2304 886 2355 solitum
923 2305 1061 2356 aiunt
1108 2306 1272 2356 dicere
1309 2307 1580 2370 perfectum
1617 2303 1711 2354 sibi
1751 2320 1877 2368 opus

212 2401 334 2446 esse,
352 2385 494 2450 siqui
511 2386 628 2437 satis
647 2396 776 2437 esset
795 2386 1070 2438 concitatus
1090 2387 1432 2438 cohortatione
1457 2403 1546 2436 sua
1568 2386 1634 2436 ad
1658 2384 1876 2436 studium

213 2469 590 2532 cognoscendae
635 2468 1083 2534 percipiendaeque
1128 2469 1352 2530 virtutis3
1418 2467 1598 2532 quibus
1645 2466 1778 2516 enim
1825 2465 1877 2517 id

213 2564 501 2613 persuasum
525 2557 668 2610 esset,
694 2558 748 2600 ut
772 2549 894 2599 nihil
919 2552 1121 2600 mallent
1145 2567 1253 2600 esse
1277 2567 1343 2611 se,
1371 2566 1522 2614 quam
1547 2548 1707 2599 bonos
1731 2547 1874 2607 virOS,

142 2647 193 2690 ³0
213 2628 284 2680 eis
316 2629 555 2695 reliquam
579 2630 774 2681 facilem
798 2648 906 2682 esse
935 2631 1210 2682 doctrinam
1229 2650 1243 2693 3
1278 2631 1348 2681 sic
1372 2647 1464 2695 ego
1489 2630 1734 2694 intellego,
1761 2628 1802 2678 si
1825 2628 1876 2677 in

213 2712 351 2774 haec,
377 2729 506 2778 quae
529 2712 760 2778 patefecit
783 2713 1006 2764 oratione
1037 2730 1125 2764 sua
1163 2715 1383 2774 CrassuS,
1411 2712 1588 2762 intrare
1610 2709 1874 2771 volueritis,

268 2855 295 2895 3
323 2848 471 2884 auctor
489 2848 631 2885 tamen
655 2855 752 2885 esse
783 2842 944 2885 Tittler:
974 2849 1114 2884 tamen
1145 2856 1239 2883 esse
1269 2841 1408 2884 codd:
1441 2841 1656 2882 invenisse
1676 2840 1876 2893 Madvig:

213 2897 405 2995 212ssss
405 2897 580 2992 51}ngss
584 2911 594 2937 :
623 2897 815 2939 effecisse
835 2894 1093 2940 Hamecker:
1123 2897 1299 2948 largitus
1319 2903 1348 2938 t.
1368 2910 1405 2937 e.
1421 2896 1553 2948 Sorof
1654 2898 1705 2937 18
1735 2907 1877 2938 rerum

273 3011 352 3058 cic.
373 3028 429 3057 m:
446 3028 573 3058 onxr.
930 3032 933 3034 ·
1649 3010 1722 3055 Β*
1799 3072 1803 3075 ¹
